1779 3128
600 198 606 204 ’
674 205 858 220 -“
1366 184 1485 258 317

76 319 171 377 rii,
208 316 701 382 qvinqvagesimum
732 315 1011 366 Sacerdotii
1042 333 1230 369 annum
1261 316 1466 385 adtigit.

78 396 390 462 Exemplum
427 394 767 456 humilitatis,
818 396 883 444 ob
934 413 1085 461 qvam
1123 415 1176 446 se
1219 409 1465 446 constan-

76 487 188 535 ter,
225 475 367 523 velut
406 474 699 541 Religiosus
738 487 924 534 antea,
972 481 1201 525 Fratrem
1241 478 1466 525 subscri·

77 554 266 604 bebat:
307 566 464 618 atqve
500 554 820 620 largitioni53
859 567 1015 620 atqve
1051 554 1167 604 ideo
1221 555 1270 606 S.
1308 557 1461 604 Ioan-
1530 599 1532 602 .

76 637 155 683 nis
215 634 624 700 Eleemosynarii
688 634 850 683 cultor
912 638 1217 703 praecipuus
1243 673 1258 695 ‚
1327 652 1464 684 anno

84 728 227 775 1745.
269 713 352 762 die
391 724 533 761 sexta
570 713 912 773 Decembris,
950 714 1150 763 Posonii
1188 718 1353 763 vitam
1412 716 1473 763 fi-

75 796 221 844 nivit.
270 793 332 856 k)
420 793 512 840 Hic
565 795 719 858 igitur
769 792 1132 859 Archipraesul
1171 793 1468 861 Congrega-

80 876 273 922 tionem
333 871 399 920 ad
458 870 725 938 Synodum
778 876 1223 940 praeparatorium
1282 875 1469 924 indixit

81 969 218 1001 anno
263 966 403 1012 1734.
452 968 547 1018 pro
596 951 678 1000 die
730 966 808 1012 23.
859 956 1047 1002 mensis
1097 955 1229 1002 Maii
1269 952 1465 1002 Tirna-

81 1034 242 1081 viam.
333 1031 428 1079 Cui
471 1029 730 1096 praesedit
774 1048 891 1081 cum
943 1036 1136 1082 vicaria
1184 1045 1463 1100 potestate,

83 1111 382 1161 Franciscus
437 1110 697 1160 Xaverius
764 1110 949 1160 Comes
1002 1112 1336 1162 Klobusiczki
1395 1114 1509 1162 de-

84 1191 344 1258 Zette‘ny‚
380 1189 436 1253 l)
483 1189 828 1256 assidentibus
851 1190 1276 1252 Archidiaconis‚
1314 1192 1465 1241 Vice-

82 1271 510 1329 Archidiaconis‚
549 1282 600 1319 et
634 1269 890 1320 Parochis.
962 1271 1208 1338 Princeps
1246 1275 1468 1320 materia

84 1351 523 1402 consultationum
559 1350 755 1398 fuerat:
790 1351 970 1399 Status
998 1355 1263 1399 cuiuslibet
1293 1357 1469 1401 Eccle-

86 1438 232 1493 siae,·
273 1432 451 1479 Status
484 1434 738 1488 Paroclzi‚
789 1441 838 1477 et
890 1434 1254 1479 Parocln'arum
1274 1451 1296 1492 ,·
1347 1433 1466 1480 Sta-

86 1525 169 1560 tus
204 1515 378 1574 populi
423 1513 590 1573 qvoad
615 1512 774 1572 fidem
806 1547 821 1569 ‚
869 1510 1232 1570 Sacramenta,
1285 1522 1334 1558 et
1375 1515 1467 1559 Ca-

88 1595 378 1639 teclu’smum
400 1609 422 1651 ,-
456 1608 516 1637 ac
549 1593 747 1637 tandem
788 1593 1007 1651 provisio
1048 1601 1340 1638 cunctarum
1381 1609 1466 1638 ne·

3 1674 8 1707 ³
87 1675 380 1718 cessitatum
417 1673 630 1716 istarum
652 1705 667 1728 ‚
719 1672 844 1715 unde
881 1671 1113 1716 ordinari
1147 1673 1348 1725 valeat,
1404 1687 1466 1717 ac

86 1752 282 1798 debeat.
321 1747 403 1795 De
433 1747 615 1811 qvibus
644 1764 760 1795 cum
793 1763 887 1812 per
910 1746 1137 1794 triduum
1177 1759 1310 1796 esset
1347 1765 1470 1796 con-

91 1828 368 1877 sultatum:
424 1825 507 1874 die
560 1837 741 1890 qvarta
786 1825 1014 1874 Vin-arius
1068 1842 1361 1875 sermonem
1408 1828 1476 1876 de

7 1951 14 1955 .
88 1910 450 1956 communione
492 1905 902 1971 Suffragiorum‚
937 1922 1030 1972 per
1055 1905 1356 1955 Dioecesim
1394 1919 1472 1955 to-

86 1999 195 2036 tam
245 2003 340 2054 pro
390 1988 604 2034 mortuis
667 1985 795 2033 Ven.
845 1983 998 2032 Clero
1049 1983 1167 2032 dein
1218 1986 1469 2048 ineunda,

85 2065 285 2117 habuit.
359 2065 474 2131 Qvo
517 2062 725 2122 audito,
762 2063 1142 2112 conclamatum
1181 2076 1289 2114 est:
1348 2072 1468 2115 Cum

85 2158 300 2205 sancta,
341 2157 390 2193 et
423 2146 644 2192 salubris
680 2155 808 2191 esset
840 2147 1084 2208 cogitatio
1113 2163 1329 2194 exorare
1357 2149 1466 2196 De-

89 2246 172 2275 um
214 2245 310 2291 pro
357 2227 614 2289 defunctis
641 2261 657 2285 ‚
715 2235 772 2271 ut
818 2242 849 2271 a
895 2228 1118 2286 peccatis
1167 2228 1472 2278 solvantur:

1266 2311 1402 2355 ordi-

146 2433 199 2490 k)
232 2433 434 2491 Legatur
457 2436 732 2490 praeprimis
757 2434 980 2479 Schmitth
1005 2436 1051 2477 in
1064 2435 1310 2491 Archiepp.
1333 2438 1476 2495 Strig.

202 2505 434 2547 Francisci
473 2504 614 2546 Orosz
656 2505 866 2560 Synopsis
907 2503 1070 2548 Annal.
1112 2505 1223 2546 Ord.
1268 2506 1313 2548 S.
1342 2507 1482 2549 Pauli

201 2573 235 2617 1.
266 2574 644 2632 Eremitae,pag.
676 2588 772 2628 300.
804 2574 928 2628 Pray
959 2574 1146 2628 specim.
1167 2574 1294 2618 Hier.
1321 2575 1476 2632 Hung-

206 2651 401 2694 utraqve
433 2651 583 2694 parte.
658 2642 707 2698 l)
739 2642 860 2698 Lege
893 2641 984 2685 RR.
1015 2643 1200 2684 Katona
1233 2643 1349 2688 Hist.
1385 2644 1483 2687 Me-

210 2721 329 2764 trop.
359 2709 484 2755 Eccl.
518 2710 677 2757 Coloe,
709 2720 842 2766 parte
873 2713 930 2755 11.
962 2725 1069 2770 pag.
1103 2721 1197 2767 287.
1378 2704 1382 2707 ”
