1779 3128
678 199 865 220 -·-···
1368 194 1456 250 125

67 329 313 384 personas
362 315 628 380 ceperint,
679 313 828 362 Bona
887 331 1064 362 eorum
1120 326 1454 381 occupantes,

72 413 156 453 4ο.
205 395 412 444 dierum
466 394 814 460 indulgentias
868 407 1268 459 conseqvantur.
1379 410 1453 444 11.

74 476 338 525 Sententia
373 474 631 522 Bonifacii
680 473 816 521 VIII.
861 473 916 521 P.
964 478 1185 541 repetita
1235 486 1338 534 est,
1378 487 1452 535 ut,

72 556 319 604 Carolum
358 572 460 604 non
511 565 937 621 recognoscentes
991 554 1190 620 Regem
1242 555 1454 621 Hunga-

68 639 177 684 riae
213 636 508 703 legitimum
531 673 545 694 ‚
586 635 1166 693 excommunicationis,
1205 651 1263 682 ac
1298 639 1452 682 inter·

68 715 193 764 dicti
228 718 514 764 sententiae
545 713 917 774 obnoxientur3
957 712 1135 761 addita
1166 716 1452 762 commina-

67 797 238 844 tione:
292 800 444 862 Qvod
481 807 643 847 totum
702 798 933 859 Regnum
968 797 1451 860 Hungarc‘aegene-

66 880 172 925 ralc'
203 879 499 924 subjicietur
535 878 836 932 interdicto,
885 885 933 921 et
980 878 1029 922 in
1082 877 1287 924 rebelles
1326 879 1452 922 eius-

65 960 176 1003 dem
213 958 428 1004 Domini
458 958 621 1022 Regis
676 958 880 1014 Caroli,
929 966 978 1001 et
1027 958 1210 1001 [urium
1245 972 1450 1002 suorum

65 1040 371 1096 detentores,
394 1040 627 1083 vexillum
646 1039 862 1083 'sanctae
887 1041 1051 1081 crucis
1072 1036 1315 1096 fidelibus
1340 1039 1449 1082 um'-

64 1120 225 1162 versis
255 1118 639 1177 praedicabitur
667 1151 682 1173 ‚
731 1126 981 1175 tamqvam
1018 1125 1198 1161 contra
1232 1118 1454 1177 sepulcri

64 1197 330 1243 Domz'nc'ci
362 1197 661 1242 detentores.
701 1194 763 1256 s)
836 1190 1072 1240 Tantum
1110 1191 1174 1241 de
1213 1191 1308 1242 hac
1350 1193 1446 1259 Sy-

62 1273 202 1321 nodo
238 1271 474 1340 proferre
518 1275 682 1340 novi„

601 1414 654 1487 ς.
723 1418 920 1470 XLIX.

243 1541 465 1617 ᾤκησα.
514 1540 705 1615 Strig.
752 1538 1262 1599 MCCCCXLJX.

194 1687 472 1753 Dionysius
504 1706 531 1736 e
571 1700 777 1737 vetusta
820 1688 1076 1738 Comitum
1115 1687 1444 1737 Sze'chiorum

60 1765 290 1827 familia,
329 1769 419 1815 sub
454 1785 647 1816 annum
684 1768 869 1816 Christi
898 1768 1157 1818 MCCCC.
1197 1772 1246 1816 in
1274 1769 1447 1817 lucem

62 1843 266 1905 editus,
318 1858 467 1913 patre
519 1846 738 1895 Nicolao
776 1848 1072 1897 Dalmatiae
1107 1848 1286 1907 Bano,
1336 1861 1448 1897 tum

57 1923 236 1973 Iudice
273 1925 495 1983 Curiae,
532 1917 860 1992 Postremum
899 1928 1170 1986 Palatino,
1229 1945 1287 1977 ac
1328 1929 1446 1977 lite-

58 2007 127 2052 ris
167 2004 397 2053 excultus
426 2004 815 2060 Vindobonaez'
841 2019 1119 2073 postqvam
1160 2011 1319 2056 sacris
1355 2012 1447 2057 ini-

59 2086 214 2133 tiatus
257 2097 332 2134 est
352 2122 366 2144 ‚
405 2097 562 2150 atqve
593 2098 708 2152 post
739 2086 1050 2136 Nitriensem
1079 2089 1322 2147 Infulam‚
1351 2105 1439 2137 an-

59 2179 129 2211 no
170 2178 312 2226 1439.
349 2165 657 2231 Agriensem
697 2178 1042 2231 conseqvutus
1070 2204 1084 2226 ‚
1142 2168 1445 2217 Elisabetha

62 2240 263 2310 Regina
295 2245 538 2307 volente3
578 2243 645 2294 ad
683 2248 827 2295 cuius
863 2264 1043 2314 preces
1081 2248 1315 2316 Eugenio
1355 2248 1441 2301 IV.

1239 2331 1375 2379 Pon-

116 2451 169 2507 s)
199 2455 267 2495 De
296 2456 514 2501 cruciatis
537 2459 915 2514 expeditionibus
935 2491 950 2511 ,
982 2475 1098 2516 qvae
1124 2462 1298 2504 dudum
1336 2475 1443 2505 con-

170 2529 246 2561 tra
285 2524 484 2576 sepulcri
528 2529 792 2578 Dominici‚
832 2544 886 2572 ac
926 2531 1074 2574 totius
1122 2532 1300 2575 Terrae
1331 2530 1439 2572 San-

174 2597 276 2630 ctae
297 2591 560 2637 detentores
581 2626 596 2646 ,
626 2611 710 2650 per
733 2599 1019 2655 Hungariam
1046 2600 1443 2656 commigrabant,

167 2671 224 2701 ac
255 2659 393 2700 etiam
424 2674 507 2714 per
532 2664 777 2722 Hungaros
810 2667 996 2709 fuerant
1027 2678 1296 2723 susceptae,
1330 2667 1438 2724 lege

168 2739 294 2771 meas
324 2730 553 2780 Amoenit.
582 2733 751 2781 Fascio.
783 2740 862 2782 111.
895 2750 1088 2780 numero
1121 2738 1157 2782 Ι.
