1779 3128
699 181 885 214 ==
1387 182 1488 240 289

102 287 292 355 mittit,
325 297 598 358 profitetur
622 333 638 355 ,
692 315 754 345 ac
790 300 968 348 credit.
1040 301 1206 363 Atque
1239 300 1489 363 imprimis

101 385 191 429 illa
225 388 437 442 quatuor
468 392 687 438 puncta,
726 382 775 425 in
813 381 988 442 quibus
1023 384 1264 427 lzactenus
1295 383 1484 431 dissen-

97 465 282 516 simus,
330 459 662 519 profitemur:
710 460 756 506 I.
808 461 1148 523 Agnoscimus
1196 462 1484 509 Romanum

95 541 393 599 ,Pontificem
431 543 592 586 totius
641 542 902 586 Ecclesiae
955 542 1150 587 Christi
1186 560 1277 603 per
1313 544 1482 590 orbem

93 621 316 682 dg‘ff'usne
364 630 515 682 caput
573 636 678 666 esse
742 622 954 669 visibile.
1040 622 1120 668 II.
1172 623 1482 682 Profitemur

85 712 294 765 praeter
335 704 532 747 Coelum
563 733 578 757 ‚
625 702 788 747 sedem
835 703 1115 749 Beatorum
1141 737 1157 761 ,
1212 720 1274 749 ac
1323 706 1482 766 infer-

93 800 242 840 num,
283 799 531 829 carcerem
568 783 961 829 damnatorum:
1009 785 1216 829 tertium
1257 785 1375 830 dari
1406 787 1480 832 lo-

89 880 234 920 cum,
270 865 320 908 in
357 880 446 926 qvo
483 864 677 908 animae
725 863 940 908 nondum
989 865 1222 924 expiatae
1255 865 1480 911 detinen-

15 959 25 972 ·
91 952 178 988 tur
207 977 222 997 ,
275 959 336 988 ac
380 942 734 1003 purificantur.
818 942 928 989 III.
981 944 1170 990 Panem
1222 961 1478 1007 azymum,

85 1022 424 1084 sufficientem
473 1026 737 1068 materiam
793 1025 983 1069 Coenae
1019 1011 1358 1083 Dominicae,
1412 1042 1476 1073 ac

86 1101 345 1163 Sacrg‘ficii
390 1103 592 1148 Missae
621 1138 637 1160 ,
688 1119 776 1149 seu
821 1103 1092 1167 Liturgiae
1126 1139 1142 1162 ,
1199 1121 1294 1151 non
1332 1106 1475 1152 dubi-

86 1191 271 1229 tamus.
341 1183 441 1229 IV.
481 1181 722 1243 Spiritum
751 1182 1020 1243 Sanctum,
1059 1186 1263 1231 tertiam
1287 1187 1339 1232 in
1365 1186 1416 1232 T
1409 1188 1477 1233 ri-

26 1254 35 1260 *
85 1265 249 1310 nitate
292 1279 558 1323 personam
588 1294 604 1317 ‚
667 1282 700 1309 a
745 1265 904 1310 Patre
952 1273 1002 1310 et
1037 1263 1157 1326 filio
1202 1267 1474 1325 procedere

87 1345 369 1402 credimus,
408 1359 469 1389 ac
501 1344 689 1407 reliqua
721 1346 886 1390 omnia
921 1345 1266 1403 admittimus,
1314 1345 1472 1407 profi·

84 1433 279 1480 temur‚
331 1439 392 1468 ac
429 1425 710 1482 credimus,
765 1441 886 1487 qvae
922 1423 1113 1470 Sancta
1146 1425 1331 1471 Mater
1366 1428 1469 1473 Ec-

13 1516 30 1527 ·
86 1504 241 1548 clesia
274 1503 830 1550 Romano-Catholica
865 1506 1126 1561 admittit,
1172 1505 1465 1566 profitetur,
1509 1500 1511 1502 ¹

83 1600 146 1629 ac
184 1585 359 1629 credit.
436 1580 630 1646 Qvibus
665 1581 842 1629 taliter
871 1581 1179 1643 declaratis,
1217 1582 1467 1649 petebant

81 1676 112 1708 a
149 1660 244 1707 Sua
283 1661 562 1709 Maiestate
603 1661 798 1727 Regia:
856 1677 895 1709 1.
942 1663 1008 1710 Ut
1044 1663 1376 1725 Sacerdotes,
1415 1675 1466 1712 et

78 1744 213 1789 ritus
254 1744 445 1788 Graeci
487 1744 810 1801 Monaclzos,
865 1746 1128 1790 eorundem
1169 1746 1462 1810 privilegio-

78 1839 222 1879 rum,
263 1832 312 1868 et
347 1825 530 1868 iurium
567 1826 844 1884 participes
867 1825 1107 1885 faceret,
1155 1826 1329 1887 quibus
1360 1829 1460 1872 iam

7 1927 11 1930 -
75 1903 302 1966 gaudent
340 1920 434 1947 non
471 1905 634 1948 solum
671 1902 971 1950 Sacerdotes
1006 1905 1458 1951 Romano-Catho-

77 1984 196 2037 lici,
234 1984 325 2027 sed
359 1985 509 2028 etiam
548 1985 764 2041 Ariani,
804 1983 1117 2038 Lutherani,
1161 1987 1456 2033 Calviniani.

78 2069 126 2110 2.
173 2061 238 2107 Ut
274 2064 322 2107 in
361 2063 576 2122 quolibet
622 2079 756 2125 pago
781 2097 797 2119 ,
851 2065 899 2108 in
936 2080 1025 2125 qvo
1061 2066 1324 2110 Paroclzus
1358 2076 1454 2124 est,

77 2142 275 2186 domum
325 2142 510 2186 habeat
577 2143 811 2187 Ecclesia
862 2144 1210 2189 Parochialem
1238 2179 1253 2201 ,
1300 2162 1359 2191 ne
1404 2149 1454 2192 in

77 2222 242 2267 aliena
291 2223 471 2277 domo,
526 2231 617 2267 aut
653 2221 863 2281 fundo,
924 2233 1139 2285 cogatur
1189 2225 1455 2271 Paroclzus
1524 2263 1527 2267 .

76 2302 325 2347 habitare.
396 2311 444 2355 3.
494 2302 558 2347 Ut
595 2304 876 2364 adaequata
910 2304 1264 2362 dependentia,
1301 2315 1351 2351 et
1384 2308 1456 2352 di-

72 2382 289 2440 spositio
324 2382 672 2427 Paroclzorum
723 2385 793 2427 sit
837 2398 985 2442 penes
1019 2385 1352 2449 Episcpum,
1404 2395 1454 2432 et

75 2460 212 2506 nullo
240 2462 385 2506 modo
416 2479 563 2520 penes
583 2464 898 2516 saeculares,
931 2471 987 2507 ut
1011 2465 1130 2508 hact
1178 2478 1267 2509 us.
1308 2460 1451 2510 Tum

75 2536 141 2585 ab
182 2553 234 2585 se
284 2538 568 2601 conclusis,
621 2540 797 2589 taliter
851 2538 1298 2606 subscripserunt:
1343 2545 1453 2591 Nos

73 2621 270 2682 inquam
301 2624 676 2682 praenominati
712 2622 1013 2683 Theophilus
1040 2624 1351 2685 EpiscopuS,
1389 2641 1450 2672 ae

771 2697 825 2747 T
1237 2726 1246 2738 x
1275 2704 1380 2750 Cle-

1249 2806 1264 2834 q
