1779 3128
702 229 889 250 “““”““““
1421 234 1488 284 77

110 341 345 401 i‘ndultu,
382 342 574 412 populo
610 339 849 392 benedici
874 356 1062 410 potest.
1136 357 1182 406 9.
1219 346 1275 394 In
1306 343 1488 394 Eccle-

107 427 197 471 siis
239 424 627 474 Cathedralibus
665 434 728 492 et*
762 422 1093 490 CollegiatiS,
1145 426 1317 490 qvoad
1352 427 1485 474 Mis-

113 519 201 551 sae
250 491 811 564 decantationemJet
859 502 1251 554 hebdomadarii
1302 524 1484 556 munus

106 583 162 632 in
190 582 540 643 choro,series
564 585 882 633 observetur.
963 599 1036 633 10.
1073 586 1128 633 In
1154 588 1328 635 Missis
1353 587 1485 635 Pon-

104 664 416 723 tificalibuS,
467 667 779 714 conveniens
838 675 945 712 esto
1002 663 1322 714 Clericorum
1358 671 1484 716 assi-

104 748 351 791 stemrijm
390 761 650 794 numerus.
726 759 800 792 11.
839 744 907 792 Hi
944 746 994 792 in
1030 745 1205 793 Missis
1242 745 1484 795 Conven-

104 824 327 872 tualibus
380 841 439 873 eo
488 827 587 872 sint
638 841 893 884 numero,
959 841 1114 889 qvem
1162 826 1481 876 consvetudo

106 901 359 970 deposcit.
435 919 506 954 12.
538 903 854 962 Curandum,
883 915 934 953 ut
959 905 1296 970 pontificante
1327 906 1481 954 Prae·

103 984 250 1041 sule,
300 984 479 1050 flebs,
533 996 581 1033 et
632 984 911 1032 nobiliores
966 985 1069 1032 loci
1124 985 1311 1034 adsint.
1406 1001 1480 1046 13.

102 1063 299 1112 Missae
338 1067 387 1111 in
425 1063 666 1131 templis,
706 1075 756 1112 et
793 1065 1028 1112 oratoriis
1065 1081 1160 1130 per
1194 1066 1479 1115 ordinarios

95 1143 419 1209 designatis,
468 1155 683 1210 excepta
734 1147 1074 1206 necessitate,
1127 1156 1175 1193 et
1229 1162 1341 1193 cum
1392 1164 1480 1194 eo-

99 1224 339 1271 rumdem
377 1222 658 1281 facultate,
697 1223 1040 1272 celebrentur.
1128 1224 1229 1273 Sub
1269 1225 1481 1274 dio-au-

101 1313 207 1351 tem
246 1300 298 1350 id
337 1318 604 1366 nunqvam
644 1302 751 1350 fiat.
824 1300 1092 1351 Solemnes
1129 1304 1362 1364 Missae,
1399 1305 1477 1354 fe-

101 1384 190 1430 stis
243 1384 548 1448 praesertim
600 1379 783 1429 diebus
814 1418 829 1440 ,
899 1380 966 1429 ad
1027 1385 1277 1431 maiorem
1331 1401 1475 1435 aram

101 1462 265 1520 fiant,
302 1464 402 1510 nisi
438 1461 577 1510 aliud
610 1472 757 1509 vetus
794 1461 1145 1511 Ecclesiarum
1182 1467 1343 1525 ritus,
1382 1483 1477 1531 po-

100 1541 279 1608 pulive
318 1540 563 1599 devotio,
600 1553 688 1590 aut
725 1544 892 1608 ipsum
921 1542 1116 1602 altare,
1153 1560 1248 1609 pro
1291 1546 1480 1594 suimet

101 1621 429 1669 solemnitate
477 1638 618 1669 secus
671 1620 939 1688 deposcat.
1030 1638 1102 1678 14.
1150 1623 1312 1672 Missa
1360 1636 1483 1691 post-

101 1717 337 1749 auroram
367 1701 686 1761 celebretur,
722 1712 934 1768 praeter
972 1718 1113 1749 casus
1151 1719 1179 1750 a
1217 1706 1326 1751 iure
1355 1721 1476 1770 per-

100 1783 299 1829 missos.
372 1781 427 1828 Ι11
468 1781 713 1829 Ecclesiis
753 1780 1176 1841 Cathedralibus,
1215 1794 1263 1831 et
1302 1783 1474 1832 Colle-

43 1912 46 1914 ,
99 1863 285 1927 giatis,
325 1877 351 1907 a
389 1877 568 1920 mane,
607 1877 768 1925 usqve
804 1860 980 1910 horam
1009 1861 1357 1921 undecimam,
1383 1867 1475 1928 qvi

100 1940 244 1989 volet
282 1940 585 2000 celebrare,
620 1944 796 2007 possit.
870 1940 1158 1989 Observata
1192 1943 1477 1991 Missarum

100 2019 419 2086 publicarum
448 2019 591 2070 hora.
663 2021 720 2068 In
746 2020 1008 2069 Parochiis
1044 2021 1131 2069 fiat
1154 2023 1333 2080 Missa,
1362 2039 1476 2071 cum

100 2100 317 2165 populus
353 2103 518 2149 maior
569 2100 748 2149 adesse
795 2111 997 2166 potest,
1049 2118 1218 2165 neqve
1275 2104 1477 2167 patian-

100 2189 182 2226 tur
217 2191 380 2227 semet
428 2178 641 2228 Par-ochi
670 2217 686 2239 ,
735 2179 1184 2228 sollicitationibus
1224 2183 1477 2247 importu-

101 2261 218 2316 nis,
267 2258 330 2307 ab
382 2261 478 2307 ista
525 2258 887 2308 celebrationis
936 2259 1059 2308 hora
1098 2261 1302 2310 abduci.
1400 2276 1474 2322 15·

102 2334 244 2384 Dum
282 2355 426 2388 sacer
460 2337 678 2388 habetur
712 2356 913 2399 sermo,
953 2355 981 2387 a
1018 2339 1385 2400 celebratione,
1422 2345 1474 2392 in

104 2417 319 2480 privatis
379 2436 589 2483 qvoqve
647 2419 859 2486 capellis
915 2419 1292 2470 abstinendum.
1399 2423 1474 2471 16.

103 2492 250 2541 Idem
291 2497 683 2564 intelligendum
737 2497 801 2547 de
853 2497 1178 2548 Eucharistia
1240 2511 1475 2567 tempore

104 2571 196 2619 illo
232 2571 294 2620 ad
329 2590 507 2642 aegros
543 2577 830 2630 efferenda.
919 2594 991 2640 17.
1032 2578 1128 2627 Per
1165 2580 1475 2628 celebratio-

104 2665 226 2701 nem
277 2668 368 2718 pro
420 2654 718 2719 defunctis,
768 2660 935 2708 Missa
981 2658 1082 2707 diei
1134 2663 1475 2717 convenienS,

1341 2755 1407 2785 ne
