1779 3128
697 190 881 206 --
1386 192 1486 239 twa

105 305 370 353 formetur.
448 317 492 348 2.
532 298 1093 360 Vice-Archidiaconi,
1135 309 1358 348 mortem
1395 300 1486 347 Sa-

104 383 372 431 cerdotum
410 396 509 427 non
539 382 905 429 annunciantes
939 382 1218 447 Episcopo,
1255 379 1352 428 hoc
1378 382 1486 446 pri-

103 472 292 509 ventur
327 477 539 507 munere
563 497 576 516 ,
610 459 695 506 vel
735 460 886 507 aliter
920 463 1219 525 puniantur.
1301 474 1347 519 3.
1388 461 1488 509 Ar-

102 538 393 589 chidiaconi
429 556 556 586 vero
594 541 644 586 in
684 537 781 586 hoc
819 537 1212 603 delinqventes‚
1255 542 1488 590 severius

100 619 479 684 redarguantur
517 618 580 665 ab
619 618 871 685 Episcopo
895 655 910 678 ‚
951 618 1040 665 vel
1080 619 1304 668 VicariO.
1383 619 1485 685 Qvi

16 718 43 741 κ
98 703 257 746 etiam
308 701 581 762 qvotannis
624 701 857 748 visitent.
946 697 1043 745 Pro
1076 697 1323 748 defuncto
1362 701 1487 767 Epi-

95 795 251 845 scopo
281 815 296 836 ,
347 781 566 842 qvisqve
618 776 742 825 duas
791 778 1013 826 Missas:
1064 781 1169 826 eius
1220 796 1487 830 successor

98 857 466 916 immediatus,
521 860 937 908 anniversarium
976 869 1217 907 teneatur
1252 860 1485 908 celebra-

33 938 41 946 “
99 955 175 985 re.
251 954 296 994 4.
339 937 562 986 Rursum
597 948 876 986 monentur
910 937 1005 987 PP.
1036 938 1387 997 Franciscani‚
1419 958 1485 989 ne

0 1073 2 1079 k
99 1020 211 1066 iura
253 1016 609 1067 Parochorum
646 1017 872 1069 violent:
919 1034 1064 1066 secus
1103 1017 1341 1068 Pontifici
1380 1019 1487 1067 Ro-

98 1115 255 1147 mano
305 1095 593 1146 deferendi.
680 1096 1059 1145 Rascianorum
1096 1100 1222 1146 item
1263 1098 1487 1166 Caluge-

95 1180 176 1237 ri,
214 1189 263 1225 et
305 1175 557 1233 Parochi,
609 1179 795 1224 nostris
834 1176 1076 1225 Parochis
1114 1195 1178 1226 ne
1217 1179 1484 1245 praeiudi·

90 1268 233 1324 cent.
316 1256 604 1321 Episcopus
655 1254 1074 1316 Szvidnicensis‚
1113 1268 1164 1306 et
1204 1257 1482 1319 Platensis‚

95 1337 244 1386 velut
281 1336 651 1400 Suffraganeus
691 1335 935 1401 Episcopi
972 1336 1330 1402 Zagrabiensis
1353 1374 1367 1396 ‚
1413 1340 1488 1387 ei-

95 1417 215 1466 dem
262 1419 315 1465 vi
362 1414 595 1464 mandati
635 1414 818 1481 Regii,
869 1415 1081 1464 obedire
1129 1427 1357 1467 tenetur.
1428 1431 1481 1476 5.

95 1497 348 1547 Dominus
406 1495 690 1564 Episcopus
740 1513 802 1544 ex
868 1495 1239 1545 informatione
1293 1496 1481 1545 Archi·

92 1578 431 1625 diaconorum
488 1575 839 1635 determinet,
901 1579 1103 1641 qvoties
1142 1577 1482 1641 freqventan-

93 1657 190 1706 dae
239 1658 338 1704 sint
386 1655 649 1721 capellae,
700 1672 763 1703 ne
800 1655 990 1722 populo
1023 1693 1039 1716 ‚
1093 1668 1181 1705 aut
1216 1657 1480 1708 Ecclesiae

92 1739 297 1786 matrici
346 1735 752 1802 praeiudicetur.
839 1735 1238 1801 Indulgentiae,
1280 1741 1479 1801 confes-

92 1822 169 1866 sio
203 1820 475 1875 Romana,
530 1812 671 1862 haud
724 1814 1117 1881 compellentur.
1207 1816 1254 1864 6.
1290 1815 1480 1866 Clerici

22 1894 23 1905 ³
94 1913 159 1945 ne
199 1907 412 1945 teneant
465 1910 712 1960 personas
751 1905 1015 1960 suspectas
1039 1931 1053 1955 ‚
1103 1895 1191 1943 vel
1230 1899 1479 1962 suspicio-

93 1977 242 2025 nibus
294 1991 502 2024 causam
546 1974 781 2022 dantes:
831 1976 957 2022 item
1006 1975 1250 2023 mulieres
1301 1976 1480 2024 solita-

24 2082 30 2086 ·
94 2058 228 2113 rias,
262 2052 631 2121 vagabundas,
669 2069 697 2100 a
727 2056 926 2102 maritis
951 2054 1230 2121 profugas,
1270 2056 1358 2103 vel
1384 2055 1479 2103 ali-

94 2136 148 2183 bi
180 2138 321 2203 prius
360 2134 497 2182 male
534 2144 756 2181 notatas.
829 2132 985 2182 Cuius
1023 2136 1097 2182 rei
1133 2151 1255 2182 cura
1285 2137 1480 2185 incum-

95 2214 167 2264 bit
206 2212 643 2276 Archidiaconis,
682 2216 787 2264 sine
828 2215 1011 2279 qvovis
1041 2225 1302 2281 respectu·
1397 2225 1411 2243 “

772 2700 803 2748 s
1065 2774 1067 2776 ξ
1138 2695 1410 2767 §.CXVL
