1779 3128
732 191 914 206 ·······-·
1402 182 1494 266 >181

128 325 290 364 mam,
325 321 409 350 seu
444 304 640 349 modam
676 307 846 364 potius
871 302 1232 370 algsolutiom‘s,
1276 318 1370 347 non
1394 288 1495 344 ¹du·

130 391 284 434 cimus
320 384 531 443 amplius
568 383 928 428 observandum
965 384 1014 427 in
1048 381 1298 428 Nc'triensi
1328 379 1500 425 Eccle-

127 469 235 522 sia,
272 463 365 509 sed
397 463 479 508 ille
508 463 679 523 potius
708 471 964 517 servetur,
1003 464 1085 523 qvi
1117 461 1386 506 communis
1425 467 1500 503 est

129 547 178 590 in
216 551 327 588 tota
363 541 636 587 universale·
663 541 899 586 Romana
939 541 1185 586 Ecclesia.
1271 535 1499 584 Cavetur

123 618 222 669 hoc
268 621 478 683 insuper
531 620 694 683 capite
723 654 737 675 ,
785 633 850 664 ne
898 615 1112 665 Parochi
1163 616 1435 663 absolvant
1470 630 1500 661 a

124 698 325 747 casibus
375 697 665 763 Episcopo,
719 696 805 743 vel
845 696 1014 761 Papae
1057 698 1366 752 reservatis,
1408 697 1498 758 qvi

122 778 205 828 hic
243 787 627 824 enumerantur.
718 774 798 822 Fit
835 775 1017 824 eodem
1061 776 1229 840 capite
1269 773 1501 821 cohorta-

124 860 197 906 tio
239 855 303 904 ad
340 855 684 903 confitendum
714 855 947 918 qvolibet
983 871 1192 915 mense3
1234 851 1320 911 id,
1360 851 1503 916 qvod

126 953 154 984 a
196 937 395 1001 magnis
432 934 562 982 'fieri
599 936 717 982 viris
755 937 1024 993 asseritur,
1076 934 1310 991 Romae,
1361 943 1410 979 et
1448 934 1500 979 in

128 1026 236 1064 tota
271 1014 379 1061 fere
419 1013 596 1071 Italia,
645 1017 696 1061 in
734 1015 1019 1081 Hispania,
1072 1014 1373 1070 Lusitania,
1422 1012 1503 1059 In·

128 1094 249 1153 dia,
288 1093 491 1151 Gallia,
539 1093 820 1153 Flandria,
874 1093 1193 1151 Germania,
1245 1104 1294 1140 et
1332 1090 1502 1139 Bohe·

93 1176 261 1236 unia,
294 1183 471 1238 utpote
504 1173 769 1222 Monachii
792 1211 806 1233 ,
843 1171 1181 1239 Ingolstadii,
1219 1171 1504 1237 Augustae,
1569 1179 1576 1187 “

128 1253 358 1318 Pragae,
398 1263 448 1302 et
472 1252 723 1301 Viennae.
795 1268 841 1308 4.
879 1251 1072 1311 Modus
1104 1254 1377 1317 exponitur
1404 1249 1505 1297 Eu-

129 1331 424 1381 charistiam
479 1329 653 1379 debite
692 1331 1068 1389 conservandi,
1120 1342 1277 1394 atqve
1313 1331 1378 1378 ad
1419 1347 1505 1378 ae·

127 1427 243 1478 gros
282 1408 526 1458 decenter
555 1408 841 1459 deferendi.
915 1410 1115 1476 Qvibus
1152 1412 1274 1459 item
1303 1410 1503 1459 Eucha-

129 1493 269 1538 ristia
305 1492 402 1547 sit,
451 1502 538 1538 aut
580 1507 682 1537 non
731 1492 794 1538 sit
829 1489 1158 1556 porrigenda.
1240 1505 1288 1549 5.
1334 1491 1504 1557 Expo-

130 1572 269 1616 nitur
308 1567 536 1618 doctrina
573 1568 636 1617 de
675 1572 916 1617 unctione
952 1581 1196 1618 extrema.
1285 1570 1504 1635 Qvibus,

129 1648 369 1712 qvando,
408 1658 457 1695 et
495 1648 719 1712 qvaliter
755 1651 818 1695 sit
856 1647 1299 1707 administranda,
1350 1650 1505 1698 doce-

131 1738 228 1775 tur.
299 1726 518 1792 Singulis
557 1729 700 1774 annis
739 1730 862 1774 novi
898 1727 1122 1793 liqvores
1161 1732 1289 1777 sacri
1325 1731 1503 1778 iuben·

131 1816 216 1854 tur
254 1802 550 1871 procurari,
589 1823 617 1854 a
659 1806 895 1855 Plebanis
930 1805 1055 1856 'vero
1104 1819 1153 1856 et
1207 1809 1503 1875 Capelianis

131 1884 427 1935 decernitur
474 1884 786 1935 eliciendum
836 1889 1183 1936 iuramentum
1214 1925 1229 1947 ,
1287 1887 1351 1936 de
1400 1906 1503 1939 non

134 1962 313 2012 dandis
353 1967 586 2029 cuiqvam
626 1968 780 2013 sacris
826 1965 1114 2030 liqvoribus
1153 1968 1345 2032 absqve
1388 1986 1502 2035 spe-

131 2043 246 2092 ciali
284 2043 554 2111 Episcopi,
593 2044 679 2093 vel
717 2048 822 2092 eius
861 2045 1047 2097 Vioarii
1085 2047 1367 2107 facultate3
1425 2065 1502 2096 se·

130 2139 214 2170 cus
253 2124 468 2182 acturis,
506 2141 677 2190 poena
715 2128 935 2173 carceris
954 2163 973 2183 „
1003 2137 1053 2174 et
1089 2113 1502 2175 aniittendi'Be-

128 2203 330 2261 neficii,
365 2203 605 2252 dictatur.
681 2204 726 2252 6.
766 2203 1084 2253 Theoretica
1111 2204 1174 2254 de
1201 2206 1502 2254 Sacramen-

132 2290 184 2329 to
224 2281 459 2342 Ordinis,
507 2283 770 2332 Ecclesiae
818 2283 1051 2333 doctrina
1099 2295 1369 2350 postqvam
1419 2303 1508 2335 ex.⁴

136 2362 306 2424 posita
350 2373 456 2421 est,
513 2363 786 2427 qvalitates
831 2363 1108 2413 ordinandi
1157 2377 1503 2416 recensentur.

133 2453 183 2497 7.
216 2437 412 2487 Natura
457 2443 775 2507 sponsalium
828 2456 877 2492 et
914 2448 1230 2493 matrimonii
1271 2444 1504 2493 declara-

134 2528 232 2566 tur.
302 2515 536 2586 Tempus
585 2527 805 2572 vetitum
858 2536 1170 2574 recensetur.
1262 2525 1504 2588 Deniqve

135 2614 303 2646 sermo
344 2609 418 2648 est
454 2599 517 2650 de
555 2604 811 2664 carnalis,
848 2615 897 2653 et
933 2603 1206 2672 spiritualis
1246 2607 1504 2671 cognatio·

1364 2689 1450 2736 nis>
