1779 3128
1 0 15 324 „

720 254 904 284 ΞΕ
1414 253 1513 300 105

127 387 304 443 pterea
341 370 431 420 has
480 380 678 417 nostras
725 367 937 427 literas,
990 365 1406 425 declarationes,
1457 374 1507 409 et

129 456 334 504 decreta
368 449 659 499 humillime
698 447 1065 497 submittimus.

259 614 474 678 Insuper
511 627 602 658 nos
642 625 854 668 omneS,
893 608 1128 666 Primas,
1167 606 1385 654 Sanctae
1423 603 1511 650 Se-

123 694 200 742 dis
233 692 488 758 Legatus,
528 689 957 755 Archiepiscopi,
1007 688 1288 754 Episcopi,
1345 683 1500 749 Capi-

123 771 268 829 tula,
307 771 544 819 ,Abbates
579 807 593 828 ,
648 769 937 835 Praepositi
991 770 1150 816 totius
1212 763 1504 831 Apostolici

121 851 509 917 Archi-Regni,
549 860 786 916 repetere
824 847 922 897 hoc
954 849 1069 898 loco
1108 846 1370 895 voluimus
1410 860 1500 890 ‘se-

122 942 290 980 terem
327 930 472 978 Fidei
507 929 822 988 formulam,
876 946 1029 994 qvam
1067 929 1301 977 Maiores
1351 927 1513 971 nostri

122 1013 393 1058 occasione
432 1008 722 1058 Nationalis
762 1008 960 1076 Synodi
995 1008 1232 1076 profiteri
1285 1022 1378 1054 con
1396 1020 1513 1052 sve-

123 1101 328 1139 verunt.
399 1089 688 1138 Videlicet:
746 1094 1001 1140 Credimus
1052 1093 1101 1136 in
1153 1106 1300 1135 unum
1340 1087 1508 1134 Deum

122 1174 331 1218 Patrem
368 1175 768 1231 omnipotentem.
803 1182 896 1217 etc.
938 1170 998 1232 q)
1071 1168 1202 1216 Item
1239 1181 1337 1213 una
1372 1181 1504 1212 voce

123 1249 332 1315 publice
388 1250 619 1295 unanimi
665 1250 899 1296 omnium
939 1246 1193 1295 Ordinum
1230 1260 1504 1303 consensu,

121 1339 280 1391 atqve
331 1327 747 1393 approbatione,
802 1330 1002 1376 sincere
1054 1326 1396 1393 profitemur,
1466 1334 1515 1372 et

122 1405 465 1474 spondemus,
503 1406 724 1456 Sanctae
751 1407 1021 1454 Romanae
1046 1405 1332 1462 Ecclesiae,
1371 1420 1505 1468 qvae

121 1490 274 1535 unica
313 1498 424 1545 est,
477 1498 526 1535 et
565 1488 660 1535 sibi
709 1499 966 1553 perpetuo
1005 1495 1276 1541 constanS,
1331 1499 1505 1530 errare

123 1583 227 1614 non
268 1577 466 1632 potest,
503 1583 619 1614 cum
657 1567 914 1625 omnibus,
954 1578 1004 1614 et
1041 1583 1104 1613 ex
1139 1563 1378 1612 omnibus
1409 1562 1504 1610 Or-

121 1644 361 1705 dinibuS,
402 1657 452 1693 et
490 1646 712 1694 Statibus
750 1646 919 1713 Regni
954 1657 1209 1712 perpetuo
1249 1644 1505 1692 adhaesu-

119 1744 238 1784 ros,
289 1739 337 1774 et
387 1729 494 1774 sine
533 1725 909 1785 diminutione,
958 1744 1096 1776 nunc
1136 1742 1347 1791 qvoqve
1384 1741 1504 1789 per·

119 1809 357 1854 stituros:
393 1823 561 1871 neqve
601 1808 663 1856 ab
703 1810 810 1856 eius
850 1809 1094 1856 institutis
1118 1843 1132 1866 ,
1169 1808 1324 1854 totius
1374 1803 1515 1853 orbis

121 1902 373 1934 consensu
421 1887 758 1953 approbatis,
813 1888 1005 1954 ubiqve
1054 1886 1396 1944 florentibus,
1458 1895 1508 1931 et

120 1963 382 2025 dilatatis,
434 1969 618 2030 qvovis
669 1978 945 2035 praetextu
978 1967 1321 2023 discessuros,
1386 1966 1514 2028 qvin

119 2042 340 2092 eandem
381 2045 804 2097 Sacro-Sanctam
857 2047 1152 2095 Romanam
1201 2045 1508 2102 Ecclesiam,

121 2127 333 2188 eiusqve
390 2125 580 2185 fidem,
619 2144 680 2175 ex
717 2138 793 2175 tot
828 2126 968 2175 falsis
1009 2125 1369 2193 opinionibuS,
1417 2141 1512 2189 per

118 2221 289 2252 rerum
327 2221 581 2254 novarum
618 2205 834 2273 cupidos
873 2206 1238 2263 disseminatis,
1278 2215 1501 2263 erutam,

120 2296 171 2334 et
206 2301 235 2333 a
271 2294 506 2352 tempore
545 2285 594 2336 S.
636 2286 796 2353 Regis
835 2285 1119 2354 Stephani,
1158 2285 1510 2347 omniumqve

1304 2363 1436 2412 alio-

180 2491 231 2548 q)
262 2495 449 2538 Notavit
485 2496 679 2541 Peterffi
709 2529 723 2549 ,
763 2500 886 2554 apud
928 2513 1061 2555 qvem
1104 2499 1183 2541 cit.
1230 2511 1305 2553 op.
1345 2498 1401 2539 T.·
1442 2497 1507 2542 Π.

236 2578 341 2620 pag·
374 2576 468 2620 447·
501 2567 693 2625 legitur·
716 2568 806 2611 hoc
837 2571 1190 2613 documentum:
1231 2568 1306 2609 hic
1354 2568 1410 2608 ab
1453 2579 1502 2606 o-

233 2634 413 2676 mnibus
453 2638 697 2684 recitatam
738 2638 875 2682 fuisse
915 2638 1027 2682 fidei
1058 2637 1310 2680 formulam
1342 2651 1367 2678 a
1413 2635 1501 2676 Pio

234 2704 698 2768 lvgpraescriptam,
726 2723 840 2753 voce
872 2723 995 2761 una,
1027 2708 1226 2765 ideoqve
1258 2707 1307 2749 in
1338 2716 1499 2749 nume-

237 2783 289 2815 ro
319 2772 508 2829 plurali.
