1779 3128
704 208 889 239 m
1023 192 1027 198 '
1389 206 1481 251 279

620 316 670 387 §.
744 319 982 371 cxvnr‘..

212 470 358 546 Syn..
410 468 599 541 Zagr.
644 487 744 525 an.
790 464 1375 526 MDCLXXXVJJ.

241 643 422 709 Longe
458 641 572 709 plus
605 636 829 691 referam
859 640 922 691 de
960 658 1093 692 nova
1127 639 1485 697 Borkovichii,

107 723 464 788 Zagrabiensis
514 723 804 788 Episcopi,
852 738 985 770 anno
1039 723 1178 781 1687.
1229 722 1311 770 die
1360 737 1487 768 vero

111 818 189 851 12.
216 805 406 851 mensis
436 803 570 851 Maii
597 802 858 851 celebrata
888 800 1117 868 Synodo.
1189 801 1347 866 Huius
1375 817 1488 866 cap.

112 898 156 932 ι.
207 883 427 932 inculca-t
473 884 761 930 animarum
811 881 1140 939 pastoribus,
1191 897 1249 929 ac
1288 881 1490 946 praeci-0

108 980 221 1029 pue·
260 961 751 1019 Archi-Diaconis,
803 972 859 1008 ut
910 960 1229 1026 invigilent,
1280 976 1344 1008 an
1389 976 1490 1007 non

113 1046 373 1108 qvispiam
423 1052 630 1108 spargat
667 1039 952 1089 doctrinam
993 1039 1294 1088 Catholicae
1334 1056 1493 1108 oppoa

65 1184 69 1189 .
111 1125 270 1175 sit-am*
299 1159 314 1181 ,
381 1132 743 1189 repertumqve
814 1119 1089 1168 Ordinario
1151 1120 1490 1168 denuncient.

115 1200 240 1268 Cap.
281 1217 324 1250 2.
398 1200 475 1249 Ne
516 1199 698 1247 diebus
738 1199 1014 1248 Dominicis
1052 1216 1111 1248 ac
1147 1199 1324 1258 festis,
1372 1216 1494 1264 qve-

92 1291 259 1339 stus,
318 1281 817 1338 commessationes,
872 1295 929 1328 ac
985 1283 1277 1348 potationes
1337 1280 1492 1339 siant3

112 1377 258 1409 neve·
313 1377 429 1408 cum
495 1358 732 1425 neglectu
795 1360 989 1407 Missae
1057 1359 1304 1408 Sacrificii
1337 1396 1352 1417 ,
1405 1377 1495 1409 ve-

113 1452 290 1489 cturae
334 1442 684 1488 instituantur.
766 1440 826 1487 In
870 1438 997 1488 loci-s
1044 1456 1203 1497 vero,
1240 1440 1328 1487 ubi
1366 1456 1497 1487 nun-

117 1519 271 1567 dinae
321 1531 434 1567 sunt
484 1520 766 1568 autoritate·
815 1518 977 1584 Regia
1025 1522 1364 1576 constitutae,
1412 1519 1498 1568 vel

112 1597 516 1648 hebdomadales
557 1598 619 1647 ab
652 1598 1018 1647 immemoriali
1045 1597 1388 1658 introductae,
1424 1598 1499 1646 le-

117 1690 229 1735 cto,
266 1677 546 1742 auditoqve
572 1679 758 1736 Sacro,
787 1677 1022 1726 venditio
1042 1715 1060 1735 ,
1096 1681 1359 1744 emtioqve
1381 1696 1499 1746 per-

111 1760 298 1815 missa,
350 1758 506 1806 modo
554 1759 661 1804 sine
711 1757 812 1805 loci
866 1761 995 1806 sacri
1048 1758 1340 1817 turbatione
1392 1759 1498 1807 fiat.

33 1849 38 1852 ’
118 1837 248 1904 Cap.
291 1851 321 1896 3
393 1835 791 1895 Archidiaconi,
838 1855 959 1886 cum
993 1837 1381 1904 Religiosorurn.
1409 1839 1499 1887 Su-

115 1918 410 1985 perioribus
461 1915 803 1973 concludant,
855 1929 910 1965 ut
959 1917 1212 1983 Religiosi
1248 1919 1527 1985 item-porc⁸

41 1995 43 1997 ’
118 1996 363 2046 Pasc‘hali
412 1994 550 2062 apud
608 2013 660 2043 se
727 1996 1021 2055 confessis,
1080 2008 1252 2045 certas
1295 1997 1501 2047 tradant

119 2075 375 2132 schedas,
419 2092 548 2139 qvae
585 2093 679 2141 per
718 2074 896 2123 fideles
945 2078 1017 2123 ita
1051 2076 1314 2125 confessos
1338 2115 1351 2136 ,
1385 2096 1502 2145 pro-

118 2159 244 2224 priis
282 2155 522 2204 Parochis
574 2154 935 2204 exhibeantur.
1020 2155 1147 2222 Cap.
1184 2173 1232 2212 4.
1315 2157 1502 2206 Deter-

119 2239 330 2284 minatis
367 2252 462 2301 per
490 2233 753 2301 Synodum
791 2234 998 2292 diebus,
1039 2235 1257 2284 Parochi
1294 2235 1356 2284 de
1394 2255 1502 2286 me·

119 2319 222 2363 rito
246 2352 261 2374 ,
299 2318 639 2374 necessitate,
690 2330 746 2363 ac
783 2314 1002 2362 utilitate
1041 2316 1218 2364 ieiunii
1254 2316 1511 2383 populum

123 2397 394 2446 edoceant.
463 2397 595 2444 Item
630 2393 821 2462 populo
856 2392 1129 2452 svadeant,
1167 2405 1222 2443 ut
1256 2397 1514 2446 tresRo«

125 2477 398 2541 gationum
448 2475 555 2531 dies
607 2477 827 2531 ieiunio,
878 2473 965 2523 vel
1012 2469 1202 2522 saltem*
1245 2476 1505 2526 abstinen-

125 2559 229 2611 tiae
275 2556 608 2623 impendant,
659 2556 831 2622 prouti
870 2554 1001 2608 olim
1050 2553 1263 2610 fierisde
1298 2573 1508 2624 praece‘³

1347 2648 1439 2708 Pto
