1779 3128
282 201 345 249 74
871 190 1059 210 ·“·““··““

281 320 337 358 ut
374 309 552 357 Ritum
589 306 878 356 Romanum
927 311 978 358 in
1026 308 1221 371 Missa,
1271 318 1321 358 et
1356 305 1651 371 BreviariO,

281 389 523 454 deinceps
557 387 849 438 observent.
886 389 946 456 g)

807 530 857 602 ς.
929 535 1120 585 XXVI.

624 655 762 730 Cap.
807 657 859 713 I.
906 655 1074 713 circa
1098 656 1300 728 fidem.

411 814 637 865 Decreta
688 815 879 876 Synodi
927 816 1077 864 huius
1128 819 1181 864 in
1224 815 1453 864 Ecclesia
1491 817 1648 865 Paro-

276 895 434 944 chiali
473 895 539 944 ad
576 897 623 942 S.
676 895 981 953 Nicolaum,
1031 895 1293 943 Ecclesiae
1335 897 1646 962 Metropoli-

272 986 424 1025 tanae
450 978 619 1022 vicem
644 962 894 1023 sub'eunte
912 1012 925 1033 ,
965 967 1148 1038 qvar'to
1172 973 1371 1022 decimo
1397 975 1482 1022 die
1504 992 1650 1022 men-

274 1058 341 1102 sis
379 1056 542 1112 Iunii,
581 1071 639 1101 ac
676 1053 811 1103 hunc
849 1064 1132 1116 seqvente,
1184 1069 1213 1100 a
1251 1052 1486 1101 Patribus
1528 1070 1646 1101 con-

275 1133 421 1191 dita,
464 1150 620 1196 more⁴
644 1150 761 1180 meo
797 1131 1180 1201 paraphrastice
1218 1131 1300 1180 hic
1336 1133 1646 1181 referentur.

272 1211 472 1278 Capitis
510 1213 548 1262 Ι.
584 1222 726 1261 num.
771 1227 810 1260 1.
851 1212 1183 1270 decernitur,
1222 1223 1275 1260 ut
1314 1209 1380 1258 ad
1417 1222 1649 1263 mentem

272 1288 623 1339 Tridentinae
663 1291 894 1355 Synodi,
952 1290 1251 1339 praebenda
1287 1288 1647 1355 Theologalis,

271 1371 326 1418 in
366 1369 759 1419 Cathedralibus
796 1370 1040 1418 Ecclesiis
1081 1372 1322 1435 erigatur.
1398 1385 1441 1416 2.
1487 1369 1650 1417 Rudi-

273 1461 450 1498 menta
490 1449 645 1514 fidei,
683 1452 735 1496 in
767 1447 1191 1506 Cathedralibus,
1232 1447 1559 1513 collegiatis,
1600 1459 1651 1496 et

275 1519 666 1579 Parochialibus
718 1528 992 1586 Ecclesiis,
1045 1526 1228 1574 (liebus
1277 1527 1418 1574 festis
1474 1526 1650 1596 expla-

274 1619 479 1657 nentur.
549 1621 596 1665 3.
636 1607 1098 1673 Archi-Episcopi,
1137 1617 1187 1654 et
1224 1606 1494 1671 Episcopi,
1530 1623 1650 1653 ver-

271 1687 395 1738 bum
432 1687 534 1734 Dei
568 1685 898 1753 praedicent3
945 1687 1178 1752 legitime
1216 1683 1490 1751 impediti,
1530 1683 1649 1732 sub-

271 1768 486 1814 stituant
525 1766 681 1824 alios,
735 1770 823 1831 qvi
876 1767 941 1814 ad
976 1765 1072 1814 hoc
1120 1763 1295 1813 idonei
1348 1775 1513 1812 sunto.
1600 1780 1649 1820 4.

270 1843 420 1892 Fidei
458 1848 874 1910 controversias,
913 1844 1162 1893 duntaxat
1198 1846 1249 1892 in
1287 1842 1363 1891 his
1399 1846 1647 1891 versatis-

273 1926 422 1982 simi,
458 1941 553 1989 pro
592 1928 838 1972 concione
879 1934 1116 1973 tractent.
1183 1937 1232 1982 5.
1269 1923 1461 1970 Munus
1500 1938 1650 1988 prae-

275 2000 484 2051 dicandi
523 2006 819 2069 qvicunqve
843 2041 858 2062 ,
905 2005 1104 2052 etiamsi
1146 2002 1339 2049 fuerint
1378 2001 1648 2066 Religiosi,

275 2085 608 2149 suscepturi,
661 2098 877 2130 examen
924 2085 1277 2151 praemittant.
1382 2080 1429 2128 6.
1483 2080 1651 2146 Popu-

272 2159 351 2207 lus
392 2178 488 2226 pro
522 2164 807 2220 concione,
857 2164 995 2210 etin
1034 2162 1394 2218 confessione,
1444 2159 1511 2208 ad
1561 2175 1648 2207 au-

274 2238 525 2287 diendum
564 2240 663 2287 Dei
700 2241 950 2301 verbum,
1001 2244 1232 2289 svaviter
1283 2238 1648 2303 compellatur.

274 2331 321 2376 7.
362 2317 711 2366 promovendi
748 2318 813 2367 ad
848 2319 1100 2368 Ecclesias
1140 2317 1506 2375 CathedraleS,
1545 2320 1647 2364 ius-

274 2412 332 2443 su
385 2394 732 2444 Tridentinae
781 2397 974 2462 Synodi
1008 2434 1023 2455 ,
1078 2396 1233 2444 fidem
1287 2395 1646 2454 orthodoxam,

274 2477 416 2523 iuxta
466 2475 738 2523 formulam
775 2493 804 2523 a
842 2477 929 2524 Pio
969 2478 1051 2524 IV.
1100 2478 1508 2542 praescriptam,
1552 2476 1645 2523 eli-

1454 2571 1573 2603 cere

333 2683 380 2742 f)
412 2684 616 2731 statutor
649 2700 746 2742 cap.
779 2700 818 2731 2.
850 2700 972 2730 num.
1008 2703 1043 2732 1.
