1779 3128
695 203 880 232 ξ
1412 195 1477 254 65

102 313 297 382 pediti,
352 315 624 378 qvotannis
663 325 834 380 agant.
934 328 1007 374 17.
1046 315 1245 364 Statuta
1281 315 1478 384 Synodi

102 395 437 445 provincialis
476 411 610 442 anno
645 393 896 441 MDCXI.
940 396 1112 458 qvoad
1148 414 1317 445 mores
1354 415 1475 464 pro·

99 475 164 525 be
203 474 574 537 instituendos,
613 485 768 539 atqve
806 474 1159 540 corrigendos,
1197 476 1354 540 edita,
1389 477 1475 527 hic

100 567 434 606 renovantur.

623 697 674 769 §.
744 701 940 753 xxm.

527 840 619 898 Et
660 837 1044 914 subscrzjotiO.

230 999 343 1048 Hae
392 1001 826 1057 constitutiones,
884 998 968 1047 die
1033 1010 1219 1064 qvarta
1267 997 1475 1067 decima

95 1082 288 1128 mensis
317 1079 545 1146 Aprilis,
584 1090 634 1128 et
670 1097 764 1146 per
788 1090 1065 1144 seqventes
1103 1076 1229 1127 duos
1267 1080 1475 1128 conclu·

94 1173 181 1208 ‘sae
201 1197 216 1218 ,
252 1170 594 1225 posteaqvam
617 1158 880 1224 perlectae
902 1170 1050 1217 sunt,
1085 1163 1242 1206 visum
1264 1171 1340 1208 est
1366 1179 1471 1220 eas,

94 1244 310 1288 omnium
330 1243 401 1286 ad
417 1239 673 1303 Synodum
700 1251 1085 1286 convocatorum
1103 1276 1118 1299 ‚
1154 1257 1330 1287 manus
1354 1243 1472 1287 sub·

91 1323 366 1382 scriptione
416 1320 680 1373 roborari,
728 1329 778 1365 et
814 1319 1135 1379 confirmari,
1186 1323 1271 1366 cui
1299 1323 1471 1381 proin·

93 1402 154 1446 de
193 1400 364 1446 ordine
411 1400 742 1461 infrascripto
788 1399 1208 1460 subscripserunt.
1251 1398 1320 1463 y)
1394 1398 1473 1446 Ita

92 1476 295 1543 legerat
335 1474 609 1524 Pe'terffius
646 1478 699 1523 in
743 1476 823 1524 M.
842 1475 889 1525 S.
942 1493 1044 1540 qvo
1080 1493 1198 1524 usus
1238 1488 1341 1535 est,
1377 1494 1471 1525 ve-

91 1574 206 1605 rum
256 1558 466 1604 nomina
516 1555 808 1621 subscripta
837 1592 852 1615 ,
901 1554 1042 1603 haud
1092 1558 1309 1610 invenit.
1395 1556 1473 1605 Ex

89 1636 235 1685 Actis
273 1646 449 1683 tamen
491 1646 644 1699 atqve
681 1637 916 1693 statutis,
965 1653 1145 1684 eruere
1182 1636 1328 1685 licuit
1363 1652 1470 1684 non

89 1731 319 1783 pauco5,
358 1732 575 1779 qvorum
608 1715 698 1762 alii
734 1717 1068 1765 nominantur
1105 1718 1290 1775 etiam,
1341 1717 1469 1765 alio-

89 1810 205 1844 rum
245 1793 468 1861 dignitas
496 1792 860 1843 tantummodo
889 1807 1331 1844 commemoratur
1355 1797 1470 1845 abs-

89 1891 191 1939 qve
227 1876 468 1931 nomine,
504 1874 592 1922 vel
629 1877 954 1940 cognomine.
1025 1875 1254 1924 Fuerunt
1293 1888 1469 1926 autem

88 1951 171 2002 hi:
209 1954 390 2002 Petrus
428 1953 693 2019 Peizmassiny
728 1954 786 2001 A.
825 1955 1111 2022 Episcopus
1150 1955 1470 2021 Strigonien-

90 2036 176 2082 sis.
248 2034 466 2082 Ioannes
523 2031 773 2100 Telegdy
822 2033 1258 2101 Archiepiscopus
1312 2034 1468 2083 Colo·

90 2114 289 2171 censis,
338 2124 388 2161 et
425 2112 764 2179 Episcopatus
813 2112 1086 2162 Nitriensis
1123 2112 1468 2162 Administra-

89 2202 189 2241 tor.
254 2193 471 2241 Ioannes
498 2193 667 2259 Pyber
690 2193 978 2259 Episcopus
1002 2194 1283 2259 AgriensiS.
1338 2194 1465 2242 Pau-

91 2270 170 2320 lus
201 2271 374 2320 David
413 2273 477 2321 de
511 2271 788 2331 Fehlisteil,
827 2272 1109 2322 Vaciensis.
1183 2272 1469 2339 Stephanus

88 2351 314 2418 Sennyei
351 2352 415 2401 de
463 2351 843 2417 Kiss—Sennye
894 2354 1186 2402 lauriensis.
1267 2352 1467 2401 Emeri-

90 2445 179 2478 cus
215 2430 358 2498 Losy
406 2429 614 2480 Electus
663 2431 1031 2492 Varadiensis‚
1085 2442 1134 2481 et
1184 2431 1465 2480 Pazmanni

1309 2512 1398 2559 Vi·

148 2638 200 2695 ιν)
233 2641 314 2693 Ap.
346 2639 556 2700 Peterffy
587 2645 663 2686 cit.
700 2659 773 2700 op.
808 2653 854 2687 et
883 2653 1040 2698 torno,
1070 2657 1176 2703 pag.
1205 2655 1300 2698 312.

759 2713 799 2763 E
