1779 3128
684 237 867 257 ”““““““
1392 245 1460 293 79

83 348 416 399 concedatur.
490 362 534 411 9.
570 347 782 415 Signum
834 350 998 399 crucis
1037 352 1088 398 in
1126 348 1323 400 honore
1369 349 1462 400 ha-

82 429 313 480 bendum
363 442 453 479 est.
538 428 675 478 Crux
724 432 901 493 itaqve
940 428 1006 478 ad
1041 431 1228 480 nullius
1266 431 1461 500 suppli·

78 511 220 559 cium
258 510 590 561 adhibeatur.

607 652 658 724 §.
728 655 926 707 XXIX.

332 793 530 870 Caput
571 792 694 851 IV.
743 791 912 850 circa
954 791 1192 867 Indulg.

216 954 414 1022 Capitis
454 957 662 1020 qvarti‚
707 970 950 1002 numerus
992 969 1033 1001 1.
1085 953 1299 1003 mandat
1336 955 1457 1021 Epi-

79 1037 244 1100 scopis
277 1073 291 1093 ‚
340 1046 393 1083 ut
445 1034 512 1083 ad
560 1046 788 1082 mentem
836 1030 1184 1082 Tridentinae
1236 1034 1456 1100 Synodi,

79 1113 380 1162 observatos
418 1114 604 1162 abusus
643 1116 776 1162 circa
805 1110 1191 1178 Indulgentias.,
1229 1113 1455 1180 Aposto-

74 1179 207 1240 l‘icae
257 1193 373 1240 Sedi
425 1191 735 1251 referendo,
782 1195 1033 1258 genuinas
1082 1191 1203 1240 inde
1250 1205 1449 1260 petant.

77 1289 122 1320 2.
162 1271 326 1320 Iidem
378 1272 682 1335 freqventer
730 1271 964 1338 plebibus
1003 1272 1295 1329 inculcent,
1347 1290 1452 1322 non

0 1356 1 1360 ’
74 1351 237 1399 solam
286 1353 701 1408 itinerationem,
757 1349 847 1398 sed
897 1350 1064 1398 cordis
1125 1351 1453 1401 emundatio-

73 1448 195 1493 nem
231 1430 466 1479 conferre
505 1431 570 1478 ad
606 1429 1045 1496 indulgentiarum
1083 1436 1450 1496 conseqvutio-

63 1527 210 1558 nem.
299 1525 347 1569 3
392 1509 787 1575 Indulgentiae,
840 1526 868 1557 a
918 1527 1226 1575 qvocunqve
1279 1510 1452 1572 datae,

72 1594 182 1638 sine
209 1589 600 1638 Ordinariorum
638 1589 875 1646 licentia,
912 1591 965 1636 in
998 1593 1211 1656 scripto,
1250 1602 1298 1638 et
1332 1607 1450 1657 gra-

71 1672 135 1717 tis
172 1685 449 1726 concessa,
503 1685 566 1716 ne
616 1668 966 1733 publicentur.
1055 1669 1195 1734 Qvas
1233 1670 1447 1719 Anima-

69 1765 186 1796 rum
221 1759 450 1814 pastores
491 1748 786 1813 explanent.
872 1745 1063 1795 Earum
1114 1766 1241 1796 vero
1280 1753 1449 1816 copia,

69 1830 121 1875 in
159 1827 537 1893 Episcoporum
588 1826 823 1875 archiviis
858 1838 1212 1877 conservetur.
1295 1845 1341 1886 4.
1380 1829 1449 1888 Ε,-

68 1909 304 1973 Ρίεεορί,
346 1905 630 1972 gaudentes
667 1917 923 1972 potestate
961 1910 1112 1955 certis
1149 1908 1329 1956 diebus
1368 1911 1448 1957 in·

70 1984 358 2052 dulgentias
409 1985 702 2052 largiendi,
759 1985 855 2034 hac
902 1998 1126 2035 utantur.
1198 2003 1246 2047 5.
1284 1988 1446 2036 Dioe-

68 2083 283 2114 cesanae
321 2065 518 2132 Synodi
564 2083 694 2114 anno
732 2067 889 2125 '1630.
929 2079 1246 2116 convocatae
1283 2079 1445 2116 statu-

19 2201 22 2203 *
68 2156 208 2203 tum,
247 2163 310 2194 ne
347 2149 614 2195 occasione
647 2144 1117 2212 indulgentiarum,
1155 2150 1288 2195 intra
1326 2165 1444 2196 coe-

68 2229 271 2273 metet-ii
319 2238 497 2292 septa,
547 2230 728 2274 vinum
751 2226 868 2273 ‘sub
921 2225 1109 2274 hedera
1162 2227 1443 2286 vendatur,

71 2315 154 2368 aut
202 2306 644 2369 nundinationes‚
698 2317 1012 2355 cocturaeve
1065 2306 1189 2356 fiant
1224 2343 1239 2368 ‚
1292 2305 1442 2355 isthic

69 2395 361 2434 renovatur.
