1779 3128
665 134 849 164 Ξ
1360 135 1460 184 207

77 249 256 300 Altare
304 241 698 305 observandum.
746 247 800 306 c)
885 245 1074 313 Scopus
1124 243 1460 294 celebrandae

75 326 302 394 Synodi,
353 327 402 373 in
447 325 608 373 literis
656 324 787 372 hanc
842 326 1186 374 indicentibus
1218 362 1234 385 ,
1284 325 1459 376 taliter

71 422 333 476 expressus
371 415 511 454 erat:
570 407 635 452 Ut
665 425 755 468 per
788 406 1016 454 salubres
1052 410 1453 465 exhortationes,

70 490 503 549 institutionesque
554 486 834 549 Synodales
864 522 880 545 ‚
935 497 984 533 et
1034 490 1300 534 canonicas
1355 505 1456 533 mo·

72 570 316 623 nitiones,
356 569 481 612 vitia
534 570 911 628 exstirpentur,
966 570 1178 613 virtutes
1230 570 1459 618 inseram:

70 656 188 703 tur,
228 657 278 693 et
313 658 459 692 actus
489 649 641 709 pravi
673 649 1096 707 comprimantur,
1135 648 1452 707 disciplinae-

70 743 188 790 que,
227 737 276 772 et
314 730 583 788 aequitatis
612 744 814 782 norma,
853 735 990 771 recto
1021 726 1192 770 ordine
1227 727 1458 788 dirigan-

0 838 1 861 ζ
72 815 188 863 tur,
236 806 502 868 Statusqve
553 807 811 870 chlesz‘ae
856 802 1241 870 Scepusiensis,
1276 814 1326 849 et
1361 807 1460 850 Ec-

71 887 383 931 clesiasticae
414 901 654 944 personae
684 886 1036 946 reformentur.
1074 880 1135 943 d)
1214 880 1458 947 Optimus=

70 959 311 1020 Prae-sul,
342 979 622 1026 numqvam
649 962 860 1010 obtenta
881 978 975 1029 pro
1002 961 1312 1028 Episcopatu
1337 976 1458 1009 con-

72 1043 399 1099 firmatione,
432 1043 572 1090 diem
609 1059 898 1110 supremum
934 1039 1062 1106 obiit
1088 1077 1102 1098 ‚
1153 1039 1234 1089 die
1271 1056 1353 1089 21.
1387 1039 1459 1088 A·

71 1121 248 1188 prilis,
286 1137 421 1168 anno
469 1133 613 1180 1548.
670 1126 719 1170 in
756 1121 985 1173 Ecclesia
1035 1136 1127 1170 sua
1164 1119 1457 1186 Collegiata

69 1199 311 1268 sepultus.
352 1199 417 1262 f)

1027 1564 1385 1636 §.LXXXV.

130 1757 181 1808 e)
210 1754 404 1812 Legitur
436 1758 556 1800 sotus
589 1753 692 1804 hic,
735 1766 820 1796 'nec
852 1751 978 1797 aliud
1009 1757 1182 1812 Synodi
1214 1756 1345 1796 istius
1376 1769 1451 1798 ve.—

185 1823 373 1881 stigium
417 1839 486 1877 ap.
527 1822 741 1879 Pe'terffy
781 1825 834 1864 T.
867 1826 901 1868 Ι.
932 1839 1035 1881 pag.
1068 1839 1162 1879 299.
1197 1834 1243 1865 et
1283 1839 1338 1865 ex
1369 1823 1454 1864 illo

186 1906 258 1945 ap.
306 1893 398 1935 BR,
442 1891 605 1935 Koller
649 1893 777 1933 citati
824 1906 896 1946 op.
942 1902 989 1933 et
1027 1893 1170 1942 tomi,
1211 1906 1313 1949 pag.
1357 1904 1456 1948 303.

183 1959 236 2014 d)
277 1961 369 2001 Pro
414 1960 497 2004 hoc
552 1962 735 2004 docum.
776 1961 898 2017 grati
939 1975 1034 2002 esse
1083 1962 1304 2002 debemus
1346 1962 1450 2015 piae

182 2030 436 2070 memoriae
471 2030 638 2072 Carolo
670 2032 874 2086 &Vagncr
898 2061 908 2078 ‚
941 2032 1016 2084 qvi
1058 2031 1178 2072 illud
1226 2045 1282 2072 ex
1317 2040 1448 2073 auto·

180 2098 358 2154 grapho
391 2099 564 2152 primus
598 2099 774 2147 edidit,
815 2100 861 2140 in
895 2099 1091 2140 analect.
1135 2100 1265 2153 Scep.
1314 2109 1450 2152 parte

178 2167 213 2211 I.
256 2181 360 2223 pag.
399 2182 494 2222 379.
538 2177 584 2207 et
625 2182 680 2208 ex
726 2167 810 2207 illo
852 2169 943 2210 RR.
985 2167 1146 2213 Koller
1188 2170 1264 2211 cit.
1299 2177 1453 2218 tomo,

180 2247 288 2291 pag.
318 2240 411 2290 506.
475 2235 520 2290 e)
552 2236 681 2280 Idem
715 2237 788 2278 cit.
831 2246 960 2276 tomo
982 2266 996 2285 ,
1041 2251 1144 2293 pag.
1179 2247 1272 2287 ¹280.
1305 2237 1450 2278 adno-

182 2302 329 2351 tavit,
370 2303 545 2345 nullam
588 2304 718 2345 huius
762 2305 995 2346 praesulis
1036 2306 1309 2346 memoriam
1345 2334 1360 2354 ,
1401 2305 1448 2346 in

183 2372 305 2411 Actis
351 2373 756 2416 Consistorialibus
782 2404 796 2422 ,
837 2375 958 2415 inter
1003 2384 1301 2415 monumenta
1332 2375 1453 2418 Vati-

189 2430 302 2480 cana
342 2443 554 2494 reperiri.
625 2440 678 2496 f)
718 2442 909 2499 Legitur
943 2443 1038 2482 eius
1072 2442 1353 2497 epitaphium
1383 2442 1451 2482 ibi

187 2507 470 2560 descriptum
491 2539 506 2558 ,
537 2524 608 2564 ap.
639 2513 840 2567 Wagner
872 2511 946 2554 cit.
980 2525 1052 2565 op.
1088 2520 1219 2566 parte
1251 2511 1310 2554 II.
1342 2525 1449 2566 pag.

186 2589 280 2629 339.
325 2590 393 2629 ap.
433 2577 556 2632 Pray
599 2580 724 2622 Hier,
766 2579 915 2636 Hung.
962 2589 1096 2633 parte
1141 2584 1172 2623 Ι.
1219 2580 1322 2633 pad.
1359 2590 1455 2632 254,

187 2644 280 2688 RR.
311 2645 469 2687 Koller
501 2647 577 2690 cit.
607 2656 733 2688 tomo
753 2679 764 2695 ‚
797 2663 900 2706 pag.
931 2659 1026 2702 5314.
