1779 3128
285 178 386 226 314
894 173 1077 207 Q

282 285 452 354 genda
485 302 579 355 per
613 284 792 336 literas
829 287 1079 353 speciales
1101 323 1116 347 ‚
1150 304 1280 353 qvae
1318 291 1468 341 simul
1505 303 1656 360 pote·

218 416 230 419 ,
282 370 426 416 statis
461 382 735 414 concessae
771 365 962 415 limites
999 369 1292 433 exprimere
1334 368 1543 421 debent.
1610 387 1662 432 5.

281 445 599 495 Abalienata
634 443 982 495 Ecclesiarum
1017 445 1199 506 Bona,
1234 454 1581 517 pervestiget,
1612 463 1666 500 et

281 534 559 590 recuperet
616 523 1098 575 Archi-DiaconUS.
1195 527 1242 575 6.
1290 528 1507 578 Praelati
1554 531 1662 579 alu-

283 620 432 651 mnos
483 604 647 652 Sacris
695 602 976 653 initiandos
1033 615 1334 656 sustentent.
1432 609 1515 657 Ad
1565 609 1661 659 hoc

283 699 413 749 opus
449 683 724 731 conferant
759 687 919 732 etiam
957 683 1220 735 Canonici.
1289 699 1337 746 7.
1376 687 1661 737 Morientur

281 761 407 812 DD.
445 762 740 822 Ordinarii,
790 773 846 811 ut
893 780 1152 812 memores
1191 764 1395 824 officii,
1445 767 1660 817 oviculis

274 840 376 888 sibi
413 844 697 889 commissis
735 841 1018 907 providere
1052 858 1158 910 *non
1197 839 1560 895 intermittant.
1614 853 1661 900 8.

277 919 366 972 Ad
393 919 815 968 intertenendum
848 921 1042 971 Romae
1070 922 1354 987 Agentem,
1395 926 1482 988 qvi
1505 923 1658 974 Prae-

274 999 504 1049 latorum
545 1000 840 1065 Hungariae
877 1003 1086 1065 negotia
1133 1009 1471 1067 promoveat,
1525 1003 1662 1054 obti-

277 1078 452 1128 nenda
495 1082 594 1127 erit
631 1096 658 1126 a
695 1079 793 1127 Sua
839 1080 1119 1129 Maiestate
1171 1080 1529 1147 praepositura
1580 1083 1664 1131 Sa-

277 1160 506 1225 giensis,
544 1158 668 1208 dum
704 1159 929 1209 vacabit.
1011 1174 1057 1221 9.
1097 1159 1454 1209 Pluralitatem
1488 1162 1660 1213 Bene-

276 1239 516 1287 ficiorum
567 1240 743 1287 stricto
793 1240 901 1286 iure
949 1237 1298 1304 prohibitam,
1346 1239 1467 1290 DD.
1506 1240 1658 1292 Ordi-

275 1320 453 1377 narii,
493 1315 560 1365 ad
601 1334 837 1369 normam
874 1334 903 1366 a
941 1317 1106 1366 Sacris
1166 1318 1461 1367 Canonibus
1511 1336 1660 1386 prae-

274 1399 558 1462 scriptam,
611 1396 812 1446 tollant.
901 1411 974 1446 10.
1023 1396 1311 1446 Domorum
1362 1398 1656 1449 Beneficia·

280 1486 455 1526 tarum
483 1512 498 1535 ,
548 1487 599 1524 et
639 1476 964 1529 ¹Altariarum
1011 1493 1359 1542 possessores,
1408 1477 1497 1527 Vel
1535 1481 1659 1527 resi·

277 1554 436 1614 dere,
492 1556 580 1606 vel
633 1558 894 1622 resignare
946 1555 1234 1606 iubeantur.
1333 1572 1407 1606 11.
1465 1557 1658 1607 Omnes

273 1634 503 1685 Praelati
528 1673 542 1696 ,
593 1635 992 1684 acBeneficiati
1020 1671 1034 1694 ,
1084 1639 1370 1702 praemissa
1407 1636 1657 1704 diligente

270 1713 543 1767 literarum
583 1716 849 1764 Beneficia
886 1718 1116 1781 ipsorum
1158 1704 1506 1766 adtinentium
1540 1734 1657 1783 per-

270 1795 575 1848 lustratione
602 1832 616 1853 ,
659 1812 717 1844 ac
755 1797 1119 1859 inqvisitione,
1167 1795 1449 1856 *elenchum
1497 1797 1656 1845 confi-

275 1878 417 1923 ciant
448 1873 860 1941 Archiepiscopo
888 1876 1308 1941 consignandum.
1386 1882 1458 1924 12⁴.
1496 1875 1660 1941 Oppi-

272 1965 555 2020 gnorantes
592 1953 726 2001 bona
761 1969 971 2003 suorum
1009 1955 1419 2014 Beneficiorum,
1473 1971 1656 2019 seqve·

275 2035 527 2081 stt-atione
566 2035 859 2099 puniantur.
949 2048 1023 2092 13.
1072 2034 1480 2102 Supplicandum
1517 2034 1649 2083 Suae

270 2113 576 2172 Maiestati,
615 2115 825 2161 nomine
861 2116 1018 2161 totius
1057 2112 1197 2161 Cleri
1233 2113 1558 2180 Hungariae,
1597 2123 1652 2162 ut

272 2191 709 2242 reformationem
744 2193 795 2240 in
832 2192 1041 2240 Austria
1078 2191 1404 2249 inchoatam,
1447 2191 1513 2241 ad
1545 2192 1654 2241 Do-

270 2273 434 2320 minia
474 2288 678 2335 qvoqve
718 2271 1017 2338 Hungarica
1054 2271 1118 2319 ad
1155 2271 1412 2318 Austriam
1452 2288 1652 2336 posses-

270 2366 344 2409 sa.
373 2349 653 2399 extendere
686 2348 940 2416 dignetur.
975 2349 1034 2415 d)
1111 2349 1373 2399 Hactenus
1400 2350 1463 2397 de
1494 2366 1646 2415 prae·

1468 2446 1581 2478 sen·
1632 2459 1635 2466 n

326 2550 382 2601 d)
412 2553 478 2593 De
508 2551 749 2592 Austriaca
770 2550 1105 2593 reformatione
1124 2580 1138 2600 ,
1170 2550 1296 2591 cuins
1329 2549 1402 2591 hic
1430 2559 1499 2590 est
1521 2559 1646 2593 mon-

379 2619 477 2665 tio,
509 2618 813 2660 consulantur
847 2620 999 2662 Caroli
1031 2618 1210 2661 Caraffa
1245 2620 1566 2659 Comtlzentaria
1590 2621 1642 2660 de

385 2686 624 2733 Germania
656 2703 785 2734 sacra
816 2697 902 2734 etc,
934 2702 1037 2747 pag.
1068 2700 1162 2743 371.
1198 2688 1435 2733 edit.a11ui
1462 2692 1583 2743 1642.
