1779 3128
674 205 859 227 ““““““
1358 209 1450 257 ¹53

0 337 28 371 ’ί
90 329 218 376 tium
250 318 612 391 ponderatum.
702 321 757 384 e)
792 319 1085 369 Tantillum
1123 317 1186 368 de
1221 316 1321 367 hac
1359 317 1453 385 Sy-

90 403 226 455 nodo
260 400 494 469 proferre
530 403 671 450 novi.

615 542 667 613 §.
739 545 931 595 LXIII.

204 671 351 746 Syn.
400 666 591 742 Strzg.
636 688 736 725 an.
782 665 1337 726 MCCCLXXXIJ.

219 830 436 896 Qvintus
473 844 501 875 a
537 839 824 877 memorato
864 827 1084 876 Nicolao
1120 827 1461 893 Strigoniensi

83 908 505 960 Archi-praesule
532 909 846 965 Demetrius,
873 921 990 974 post
1014 907 1202 956 Tiaras
1221 943 1236 964 ,
1261 905 1461 954 Trans·

85 989 422 1046 silvanicam,
461 999 510 1036 et
540 987 977 1054 Zagrabiensem,
1015 1003 1149 1035 anno
1193 1000 1332 1048 1379.
1368 984 1461 1033 ho-

86 1085 268 1116 norem
328 1071 696 1116 Gubernatore's
746 1067 1007 1115 Ecclesiae
1074 1065 1457 1132 Strigoniensis,

86 1148 500 1214 dignitatemqve
539 1145 829 1194 Cardinalis
867 1149 945 1196 tit.
994 1131 1077 1194 S‘S.
1116 1156 1339 1209 qvatuor
1376 1151 1472 1193 co-'

87 1222 429 1285 ronatorum3
486 1235 643 1288 atqve
691 1227 848 1273 etiam
897 1228 1099 1291 insigne
1147 1241 1332 1272 munus
1371 1228 1466 1273 Lc-

81 1311 200 1371 gati
228 1309 549 1368 Apostollcae
585 1306 726 1352 Sedis
768 1307 819 1353 in
855 1304 1117 1371 Hungaria
1156 1316 1207 1353 et
1247 1304 1463 1353 Polonia

85 1394 458 1447 conseqvutus,
498 1394 652 1447 atqve
687 1386 789 1432 iam
840 1400 973 1431 anno
1028 1391 1169 1444 1378.
1242 1383 1460 1432 Cancel-

85 1462 200 1511 larii
236 1462 387 1527 Regii
421 1461 615 1510 honore
655 1473 861 1510 auctus:
912 1461 1177 1528 Synodum
1214 1462 1459 1529 Strigonii

85 1558 222 1589 anno
263 1550 413 1600 138²·
463 1540 862 1601 celebrandam,
911 1540 1118 1591 indixit.
1224 1541 1458 1607 Cumqve

87 1613 390 1674 Valentinus
455 1620 1099 1686 Qvinqve-Ecclesiarum
1156 1621 1458 1689 Episcopus,

86 1715 252 1763 aeqve
288 1716 547 1765 purpura,
595 1701 848 1766 tituloqve
895 1701 945 1749 S.
1000 1701 1218 1751 Sabinae
1268 1700 1460 1750 conde-

84 1791 319 1842 coratus,¹
351 1779 412 1842 f)
453 1790 732 1845 praetenso
766 1780 1043 1847 privilegio
1081 1780 1307 1846 qvodam
1343 1781 1460 1829 sub-

82 1860 333 1925 reptitio,
380 1859 656 1909 nonnullos
704 1859 1092 1910 Ecclesiasticos
1144 1863 1197 1908 in
1234 1859 1460 1909 Civitate

85 1954 145 1985 ac
180 1938 418 1987 Dioecesi
457 1955 548 1987 sua
585 1942 951 1999 consistentes,
1005 1958 1187 1989 verum
1225 1939 1288 1988 de
1327 1943 1458 1989 anti-

87 2033 220 2081 qva,
259 2029 308 2066 et
348 2017 633 2085 adprobata
672 2020 1049 2068 consvetudine
1074 2057 1089 2079 ,
1141 2018 1460 2068 Iurisdictio·

83 2100 135 2145 ni
183 2096 540 2164 strigoniensis
592 2097 984 2168 Archiepiscopi
1038 2099 1286 2149 obnoxias
1316 2136 1331 2158 ,
1394 2096 1502 2148 ad¹

1273 2194 1387 2227 eam

139 2305 186 2360 e)
216 2307 283 2348 Ex
314 2308 490 2353 docum.
520 2323 591 2364 ap.
615 2307 827 2367 Peterffy
849 2311 926 2353 cit.
958 2324 1032 2366 op.
1062 2311 1117 2353 T.
1151 2311 1188 2353 Ι.
1219 2325 1324 2368 pag.
1361 2320 1454 2363 ¹78·

195 2374 242 2431 f)
273 2376 459 2420 Notavit
486 2380 585 2423 RR.
616 2379 809 2429 Koller,
852 2381 1038 2435 ipseqve
1080 2379 1177 2421 vidi
1219 2381 1450 2437 Qvinqve·

199 2444 311 2484 eccl.
344 2446 390 2486 in
420 2448 610 2501 Capella
631 2449 702 2490 SS.
727 2450 868 2503 Corp.
890 2448 1089 2498 Christi,
1121 2449 1217 2490 eius
1249 2449 1455 2503 lapidem

198 2512 533 2566 sepulcralem,
564 2517 709 2572 qvalis
742 2528 853 2573 typo
886 2531 1126 2572 expressus
1171 2526 1241 2559 est
1270 2518 1317 2558 in
1348 2530 1454 2571 pro·

199 2577 294 2636 leg.
327 2581 371 2622 in
401 2583 513 2626 Hist.
543 2585 624 2639 Ep.
658 2587 853 2642 Qvinqv.
882 2586 1043 2629 tabula
1070 2588 1107 2629 I.
1133 2601 1256 2631 num.
1299 2601 1333 2630 1.
1357 2599 1459 2627 cum

203 2646 542 2703 inscriptione,
582 2668 714 2708 qvam
756 2655 884 2711 leges
936 2655 1072 2698 facile
1124 2671 1195 2713 ap.
1241 2657 1366 2712 Pray
1412 2655 1461 2698 in

198 2716 386 2770 specim.
416 2719 541 2766 Hier.
569 2723 623 2765 H.
654 2733 787 2780 parte
817 2726 852 2770 Ι.
882 2739 988 2786 pag.
1021 2736 1118 2781 248·
