1779 3128
945 206 1054 214 ....-—„
1059 211 1076 214 -.
1092 209 1124 214 -..

347 174 442 223 ²216
944 185 1125 202 -···--

345 296 566 353 diensis,
618 310 753 343 anno
797 297 936 356 1560.
989 297 1071 345 die
1128 312 1198 358 17.
1249 297 1399 357 Iulii,
1454 300 1501 346 in
1541 297 1710 365 Papae

346 375 661 423 Consistorio
709 378 1071 436 confirmatus,
1120 379 1177 441 l)
1237 394 1291 427 ac
1342 379 1525 427 eodem
1571 396 1711 431 ,anno

345 454 497 501 simul
524 455 843 522 praepositus
869 457 1223 524 Scepusiensis,
1266 458 1348 505 die
1375 463 1540 526 prima
1567 475 1712 507 men-

339 536 407 580 sis
441 533 570 580 Maii
605 552 698 601 per
722 534 1165 603 Archipraesulem
1200 538 1550 586 confirmatus,
1611 538 1709 603 Qvi

342 612 464 660 licet
518 613 672 661 breve
711 613 943 663 habuerit
999 618 1048 662 in
1089 615 1326 681 Capitulo
1373 615 1712 681 praesidium,

341 702 519 757 utpote
558 708 690 740 anno
735 694 873 753 1561.
910 711 1086 742 mense
1124 694 1291 759 Aprili
1333 705 1588 742 mortuus:
1628 695 1708 757 m)

342 782 570 820 attamen
622 772 804 823 eedem
854 790 1062 839 prorsus
1110 791 1327 831 mense,
1390 789 1493 836 qvo
1544 774 1710 822 fuerat

342 852 707 910 confirmatus,
744 863 922 919 utpote
961 851 1045 900 die
1085 867 1160 900 21.
1195 855 1378 900 mensis
1409 853 1559 910 Maii,
1595 852 1711 901 Cle·

338 947 396 978 ro
435 947 525 978 suo
564 931 826 980 indicebat
863 932 1152 997 Synodum,
1191 929 1256 979 ad
1294 933 1528 996 qvintum
1567 930 1706 979 deci·

339 1027 481 1057 mum
519 1008 682 1067 diem,
719 1027 748 1057 a
785 1009 866 1058 die
905 1010 1141 1059 datarum
1191 1009 1568 1077 computando,
1623 1027 1710 1058 seu

341 1089 527 1137 feriam
574 1092 781 1137 tertiam
828 1089 1184 1149 Pentecostes,
1236 1093 1286 1138 in
1325 1090 1552 1138 Ecclesia
1593 1090 1710 1138 Col-

337 1167 528 1233 legiata
561 1169 959 1228 celebrandam,
1010 1173 1147 1218 iuxta
1186 1168 1518 1227 mandatum,
1567 1169 1711 1217 velut

338 1249 452 1312 ipse
491 1248 714 1308 fatetur,
754 1249 1205 1315 Archi-Episcopi:
1245 1266 1360 1297 eum
1398 1266 1522 1296 vero
1561 1252 1610 1296 in
1649 1249 1710 1295 fi·
1746 1307 1748 1309 Ι

337 1343 490 1386 nem,
542 1338 595 1375 ut
633 1329 1075 1394 cooperatoribus,
1125 1339 1174 1376 et
1211 1330 1611 1386 comministris,
1650 1343 1710 1375 ac

337 1407 584 1455 fratribus
622 1410 757 1467 suis,
798 1418 957 1456 semet
994 1408 1158 1456 veluti
1208 1424 1401 1455 novum
1438 1407 1707 1472 Praeposi-

335 1498 478 1544 tum,
525 1503 583 1534 ac
631 1487 706 1534 illi
752 1489 975 1534 vicissim
1005 1524 1019 1544 ,
1070 1490 1173 1535 eius
1224 1504 1276 1534 se
1326 1496 1707 1551 cooperatores,

335 1577 514 1614 mutua
565 1569 776 1613 caritate
810 1602 824 1624 ,
886 1566 1018 1613 ultro
1067 1570 1300 1631 citroqve
1355 1563 1706 1630 agnoscendos
1776 1567 1777 1571 ’

335 1646 651 1711 praebeant:
704 1644 766 1692 de
815 1648 1090 1693 vocatione
1137 1662 1262 1703 sua,
1316 1642 1485 1708 deqve
1532 1645 1709 1690 ovium

337 1724 459 1771 fidei
510 1741 631 1772 suae
683 1725 991 1772 creditarum
1044 1740 1161 1772 cura
1192 1761 1206 1783 ,
1268 1727 1319 1770 in
1369 1723 1468 1770 Dei
1523 1725 1706 1769 timore

339 1804 680 1863 collaturum,
733 1814 782 1851 et
833 1802 1066 1851 defectus
1104 1807 1290 1864 etiam,
1331 1813 1484 1865 atqve
1523 1815 1707 1865 grava-
1774 1868 1775 1871 Ἰ

334 1885 506 1940 mina,
548 1886 586 1930 si
624 1899 757 1946 qvae
796 1882 1008 1930 forsitan
1046 1892 1489 1947 proponerentur,
1529 1881 1710 1939 cogni·
1774 1879 1775 1882 ’

332 1964 450 2009 turi.
490 1962 550 2023 n)
592 1961 720 2009 Acta
749 1960 943 2027 Synodi
982 1961 1163 2017 huius,
1202 1963 1407 2025 ignotae
1440 1957 1704 2017 Pe'terffia,
1771 1961 1774 2013 ζ

334 2052 419 2088 aut
455 2043 789 2107 periverunt,
826 2040 913 2087 vel
949 2043 1000 2088 in
1037 2041 1231 2087 scriniis
1269 2039 1450 2086 latent.
1770 2026 1773 2035 ¹

1320 2153 1359 2213 ς.
1395 2155 1644 2223 ωςΧΧιΧ.

392 2280 440 2336 l)
474 2283 553 2335 Ap.
586 2276 814 2334 Batthya'n
846 2279 890 2321 in
922 2278 1047 2321 Serie
1088 2279 1201 2331 Epp.
1236 2275 1436 2318 Chanad.
1468 2290 1573 2331 pag.
1609 2286 1702 2327 144.
1765 2286 1767 2331 j

448 2364 502 2390 ex
541 2350 664 2390 Actis
708 2347 1075 2393 Consistorialib.
1121 2354 1165 2386 et
1208 2358 1262 2386 ex
1294 2344 1427 2385 Bulla
1458 2342 1704 2388 confirma·
1764 2390 1765 2393 Ἴ

448 2418 600 2464 toria,
634 2431 735 2472 pag.
776 2431 869 2469 seq.
940 2419 1144 2459 Erronee
1177 2406 1533 2465 praeoccupavit
1562 2425 1703 2453 unum

450 2499 617 2528 annum
661 2486 780 2540 Pray
823 2486 868 2525 in
909 2484 1094 2534 specim.
1141 2483 1265 2522 Hier.
1299 2482 1447 2537 Hung.
1482 2491 1612 2534 parte
1644 2480 1703 2522 ΙΙ.

449 2565 553 2608 pag.
599 2563 691 2605 298.
768 2553 832 2602 ιη)
867 2553 986 2608 Lege
1021 2550 1085 2594 Cl.
1118 2552 1319 2606 Wagner
1360 2549 1556 2591 analect.
1605 2548 1707 2589 Sce·
1762 2584 1763 2588 ,

452 2634 549 2674 pus.
591 2629 721 2674 parte
760 2621 840 2661 111.
881 2634 987 2678 pag.
1020 2628 1087 2673 89.
1159 2619 1211 2673 n)
1243 2619 1366 2660 Haec
1399 2618 1612 2660 discimus
1645 2629 1700 2658 ex

1544 2685 1647 2726 lite·
