1779 3128
747 182 931 198 ”“““““”“
1434 179 1522 227 ¹79

158 295 345 345 Mansit
382 289 702 339 nihilominus
744 303 1037 340 constanter
1083 295 1327 348 Electus,
1373 305 1523 336 num-

158 391 313 440 qvam
349 371 677 420 confirmatus
713 387 740 417 a
781 371 1058 429 pontifice,
1104 387 1162 419 ea
1200 370 1416 419 forsitan
1456 366 1522 416 de

157 469 336 511 causa,
374 450 510 514 qvod
551 449 727 498 sedem
767 452 1036 516 pristinam
1075 462 1371 516 recepturus
1410 464 1522 496 esse

154 541 462 598 speraretur.
546 529 702 577 Cordi
751 528 927 579 habuit
974 546 1149 578 curam
1185 528 1522 594 pastoralem,

150 612 290 670 cuius
328 608 469 657 dedit
520 609 844 675 exemplum,
896 609 1102 672 qvando
1151 608 1377 673 capitula
1427 607 1522 673 Sy-

118 687 614 747 ·nodi‘Nitriensis,
663 687 956 737 celebratae
1008 705 1103 754 per
1139 699 1523 735 antecessorem

115 762 466 836 ‘'Antonium,
504 771 647 816 novis
695 767 757 816 ab
798 785 850 815 se
889 765 1318 815 declarationibus
1355 777 1524 824 aucta,

155 859 206 896 et
243 847 322 896 die
368 864 445 896 21.
484 849 733 906 Ianuarii,
784 862 916 895 anno
970 847 1110 905 1560.
1161 845 1523 893 Sacerdotibus

151 927 487 974 Dioecesanis
538 929 779 993 inscripta
809 963 823 986 ,
873 928 1076 973 interim
1136 940 1345 988 qvoqve
1400 935 1526 971 nota.

151 1004 431 1063 reddebat,
481 1004 644 1053 donec
692 1005 904 1054 obtenta
953 1004 1015 1053 ab
1054 1002 1184 1051 Sede
1223 1003 1525 1067 Apostolica

150 1087 229 1132 sui
277 1086 666 1132 confirmatione
694 1122 708 1144 ,
758 1083 1024 1151 Synodum
1073 1087 1124 1131 in
1174 1082 1400 1130 Ecclesia
1436 1081 1526 1131 Ni-

94 1229 100 1232 -
150 1166 327 1212 triensi
362 1163 655 1221 celebrare,
698 1176 748 1212 et
786 1163 988 1211 Christo
1026 1164 1139 1210 Iesu
1175 1161 1308 1210 bene
1345 1164 1525 1228 propi-

152 1246 254 1301 tio,
293 1240 358 1289 de
395 1245 623 1309 cunctis,
679 1260 809 1307 qvae
861 1243 964 1291 illic
1011 1241 1366 1299 habebantur,
1413 1240 1527 1306 ple·
1581 1235 1585 1239 ¹

150 1324 265 1369 nius
293 1358 308 1380 ,
368 1313 519 1385 atqv‘e
568 1338 662 1389 pro
712 1325 912 1372 ratione
959 1333 1252 1389 temporum
1305 1331 1530 1370 tractare

149 1411 342 1467 posset.
377 1399 439 1464 k)

654 1559 704 1631 ς.
774 1559 1016 1615 LXXIV.

528 1696 685 1757 Eius
727 1694 1143 1772 compendium.

281 1855 368 1907 Sat
416 1874 693 1908 numerosa
740 1859 931 1926 Synodi
980 1861 1086 1907 eius
1126 1855 1388 1926 capitula,
1424 1859 1524 1910 suis

149 1950 267 1984 cum
309 1936 655 1987 additionibus
680 1975 696 1997 ,
742 1940 813 1986 ita
858 1941 1126 2005 synoptice
1165 1939 1364 1987 refero:
1424 1938 1524 1987 Ca-

147 2024 242 2081 put
285 2029 325 2065 1.
365 2016 586 2065 Modum
623 2017 948 2082 formamqve
989 2016 1292 2066 conferendi
1328 2015 1523 2085 baptis—

147 2097 300 2142 matis
347 2097 609 2146 describit.
702 2096 889 2145 Cetera
942 2113 1069 2144 vero
1120 2100 1293 2160 inter,
1344 2093 1524 2145 doceri

147 2173 292 2222 iubet
327 2175 570 2240 plebem,
619 2187 673 2224 ut
722 2193 838 2223 cum
876 2179 929 2223 in
977 2179 1286 2224 necessitate
1322 2193 1350 2225 a
1391 2193 1522 2241 qvo-

145 2254 287 2315 piam
324 2250 451 2303 laico
488 2254 828 2321 baptisabitur
863 2254 1028 2302 infans
1050 2291 1064 2314 ,
1102 2258 1343 2322 imposito
1378 2259 1520 2322 prius

146 2334 386 2390 nomine,
423 2345 499 2381 ter
535 2340 583 2382 in
619 2339 816 2382 modum
866 2340 1028 2382 crucis
1072 2339 1338 2401 immergat
1375 2340 1518 2384 illum

148 2411 200 2454 in
235 2428 408 2473 aquam
443 2438 509 2448 ·--
541 2407 607 2450 4-
639 2420 705 2448 —'-
748 2415 845 2462 Ubi
877 2433 990 2461 vero
1038 2426 1184 2462 tanta
1219 2434 1401 2481 aquae,
1444 2418 1525 2463 vel
1588 2398 1592 2404 .

737 2494 796 2541 Μ
836 2511 861 2543 2
1328 2506 1450 2543 tem—

203 2616 388 2732 k)11ta
390 2618 530 2662 ferme
562 2623 619 2666 ad
648 2625 840 2668 verbum
891 2640 963 2681 ap.
974 2623 1216 2682 Ρέῖεῐίΐγ
1256 2624 1434 2668 Concil.
1463 2625 1518 2669 T.

335 2700 439 2745 pag.
477 2695 569 2739 261.
