1779 3128
670 214 855 231 ·····-·
1361 206 1442 251 101

67 329 277 395 gionem
315 344 648 394 promovere.
721 330 971 395 Qvamvis
1000 339 1173 378 autem
1200 325 1334 378 hanc
1360 344 1454 393 pe-

66 409 304 457 titionem
336 444 353 467 ‚
412 406 891 457 Excellentissimus
951 410 1121 458 fautor
1151 447 1167 469 ‚
1236 410 1450 457 minime

67 489 506 537 contemnendam
558 506 667 537 esse
721 491 1008 556 putaverit:
1047 491 1106 552 v)
1146 506 1239 556 spe
1277 500 1456 537 tamen

65 569 258 628 ambo,
297 568 581 618 hodiedum
620 569 946 618 frustramur.
1021 570 1203 633 Itaqve
1243 566 1307 616 de
1333 578 1454 617 ‘me-

68 660 273 698 morata
306 649 546 716 Synodo‚
601 648 731 698 nihil
768 651 978 697 omnino
1015 650 1187 698 dicere
1225 666 1453 716 possum.

589 792 639 863 §.
711 796 927 847 van.

373 920 520 997 syn.
569 917 762 994 smg.
807 915 1152 978 Mcecci.

201 1069 447 1135 Dionysii
498 1067 563 1116 de
618 1066 778 1117 Sze‘ch
826 1067 1219 1133 Archiepiscopi
1257 1064 1452 1132 Strigo-

67 1150 304 1207 niensis,
364 1151 467 1195 iam
515 1148 639 1196 alias
687 1150 1122 1205 commemorati,
1170 1146 1452 1195 Dioecesa·

68 1236 192 1276 nam
240 1227 507 1291 Synodum
563 1243 699 1274 anno
741 1242 883 1287 1450.
932 1231 984 1275 in
1022 1227 1154 1283 festo
1192 1226 1252 1274 B.
1290 1225 1451 1274 Adai-

65 1307 235 1366 berti,
273 1306 517 1373 Strigonii
554 1307 902 1365 celebratam,
933 1305 1010 1356 Cl.
1040 1305 1275 1371 Peterffy
1305 1322 1451 1371 pror-

68 1403 150 1435 sus
190 1388 469 1452 ignoravit.
541 1386 741 1434 Primus
777 1404 905 1435 vero
931 1387 1164 1445 Lsteras,
1203 1383 1269 1433 ad
1303 1385 1451 1433 illam

69 1477 351 1515 evocantes
406 1467 735 1533 praepositos
799 1484 860 1514 ex
916 1464 1112 1514 Ordine
1168 1465 1450 1513 Praemon-

70 1549 403 1594 stratensium
439 1546 504 1595 de
552 1546 768 1608 Lelesz,
815 1563 875 1597 ac
911 1545 1118 1608 Iaszov‚
1164 1548 1358 1612 reperit
1395 1545 1458 1595 Ρ.Δ

1272 1625 1385 1674 Ste-

128 1758 178 1815 v)
210 1760 271 1800 Ut
298 1759 458 1804 videas
490 1759 693 1816 ingenue
724 1758 908 1809 lector,
947 1766 1235 1814 qvantopere
1264 1758 1336 1800 vir
1366 1756 1451 1799 ille

178 1842 412 1878 summus,
442 1828 566 1869 haud
598 1841 802 1882 paucos,
834 1841 927 1869 non
957 1829 1140 1882 pridem
1174 1836 1353 1869 erectos
1386 1827 1445 1868 de

177 1904 389 1940 stercore
431 1910 694 1950 paupereS,
736 1897 877 1950 animi
918 1898 986 1940 sui
1032 1896 1310 1939 demissione
1343 1908 1452 1937 con·

175 1962 371 2014 fundat,
403 1966 500 2007 eius
527 1965 601 2007 hic
624 1966 683 2008 ad
705 1980 778 2008 me
808 1966 970 2009 literas
988 1994 1002 2015 ,
1030 1965 1239 2014 Pestini,
1272 1977 1335 2007 12.
1365 1967 1453 2006 De-

175 2035 376 2075 cembris
419 2049 539 2076 anno
584 2045 706 2090 1805.
762 2028 900 2077 manu
941 2048 1020 2076 sua
1062 2042 1274 2077 exaratas
1314 2032 1450 2090 lege:

176 2101 277 2146 RB.
307 2102 528 2145 Domine!
566 2104 755 2145 Tardius
779 2105 1002 2156 rescribo,
1035 2118 1163 2158 qvam
1194 2105 1453 2143 voluissem.

180 2171 288 2211 Cum
329 2178 507 2213 interim
552 2180 740 2214 mutatis
786 2180 827 2214 in
877 2176 1035 2213 melius
1087 2175 1452 2219 circumstanth

173 2240 276 2280 heri
302 2250 475 2281 tantum
525 2242 735 2282 Viennam
777 2250 877 2291 rute
917 2241 1143 2288 scribere,
1186 2248 1230 2280 et
1263 2243 1458 2291 expetiti

176 2314 322 2360 operis
353 2310 694 2363 descriptionem
739 2324 954 2363 qvae-rere
994 2310 1241 2356 valuerim,
1281 2312 1452 2347 veniam

175 2377 308 2415 dabit.
386 2379 718 2430 Qvamprimum
758 2383 933 2419 [nterim
977 2378 1143 2418 Vienna
1187 2389 1453 2428 responsum

184 2443 445 2495 obtinuero,
487 2457 531 2487 et
577 2448 630 2487 (le
662 2447 823 2499 effectu
856 2449 1086 2486 literarum
1118 2458 1316 2485 mearum
1348 2445 1450 2484 edo-

184 2520 286 2550 ctus
302 2513 478 2564 fuero,
516 2530 600 2556 non
640 2522 965 2563 intermittam,
1009 2519 1110 2568 qvin
1150 2513 1249 2553 BR.
1295 2512 1354 2551 D.
1392 2512 1447 2552 V.

179 2580 292 2618 illico
335 2589 502 2621 certam
546 2586 724 2624 reddam
750 2613 761 2632 ‚
800 2598 899 2623 sum
941 2592 983 2623 et
1027 2582 1209 2622 manebo
1242 2582 1452 2622 distincto

184 2660 283 2685 cum
315 2650 454 2689 cultu.
516 2652 662 2706 Oblig.
696 2667 859 2693 servus
892 2651 939 2695 C.
973 2650 1049 2694 Fr.
1083 2649 1342 2703 Sze'che‘nyi.

731 2735 780 2782 L
