1779 3128
910 225 1105 248 —-

912 249 1101 262 u———-

910 339 961 412 §.
1031 346 1123 396 XI.

455 465 738 544 Synodus
778 457 1016 524 Buden.
1067 463 1531 528 MCCLXXIX.

456 611 726 680 Philippus
779 631 839 662 ex
896 612 1089 662 Ordine
1139 614 1375 663 Fratrum
1423 617 1692 668 Minorum

312 691 601 761 Episcopus
641 692 939 751 Firmanus,
994 693 1199 741 Nloolai
1240 694 1326 742 III.
1364 697 1415 742 in
1453 695 1687 756 polonia,
1723 706 1726 708 ’

312 770 581 821 Dalmatia
604 809 619 832 ,
659 772 824 819 Rama
848 809 862 831 ‚
901 773 1110 832 Servia,
1149 771 1462 822 Lodomeria
1487 812 1502 834 ,
1543 773 1686 823 Gali-

315 856 429 912 cia,
467 863 518 900 et
556 842 836 912 Cumania,
885 868 1018 899 anno
1061 859 1199 912 1278.
1239 853 1496 918 Legatus3
1550 856 1686 902 intra

313 932 638 996 HungarIam
673 947 799 978 vero
823 967 837 989 ,
876 941 1143 993 terrasqve
1190 931 1416 980 dominio
1452 932 1684 982 Ladislai

310 1011 400 1060 IV.
442 1010 599 1075 Regis
637 1009 914 1067 obnoxias,
952 1013 1140 1075 Legati
1169 1013 1228 1057 de
1262 1015 1416 1058 latere
1451 1014 1684 1076 insigniis

312 1089 616 1149 decoratus,
669 1089 868 1137 obtinet
918 1098 1259 1153 potestatem,
1312 1099 1366 1136 ut
1414 1091 1474 1136 iis
1512 1092 1564 1137 in
1601 1107 1682 1138 re-

314 1168 593 1235 gionibus,
643 1171 821 1216 evellat
850 1204 866 1227 ,
920 1179 968 1214 et
1010 1171 1240 1215 destruat
1267 1205 1282 1227 ,
1330 1172 1537 1231 dissipet
1562 1203 1578 1226 ‚
1630 1179 1681 1218 et·

313 1253 606 1314 dispergat,
644 1249 903 1309 aedificet,
957 1258 1005 1293 et
1034 1250 1229 1308 plantet
1263 1251 1312 1294 in
1349 1255 1538 1296 nomine
1574 1250 1682 1296 Do·

307 1331 462 1386 mini,
499 1331 632 1375 sicut
666 1329 847 1373 viderit
880 1329 1145 1389 expedire,·
1195 1328 1246 1372 in
1287 1325 1468 1391 Regno
1505 1337 1679 1374 autem

316 1407 578 1471 Ungariae
615 1406 882 1471 speciatim
903 1440 918 1462 ,
970 1409 1099 1452 inter
1132 1408 1333 1451 eundem
1368 1407 1588 1469 Regem,
1628 1417 1680 1453 et

306 1489 481 1551 Regni
507 1502 783 1547 personas:
833 1502 920 1531 nec
967 1502 1094 1543 non,
1145 1494 1247 1530 tam
1284 1487 1497 1544 ibidem,
1535 1504 1677 1547 qvam

309 1570 357 1614 in
390 1568 662 1627 provinciis
698 1567 986 1610 memoratis
1034 1567 1164 1610 inter
1197 1566 1584 1611 Ecclesiasticos
1622 1574 1674 1611 et

307 1647 583 1694 mundanos
618 1644 782 1701 νίν-037,
824 1654 873 1689 et
906 1645 1159 1688 universos
1186 1643 1313 1688 alios
1349 1646 1673 1707 cuiuscunque

310 1727 640 1778 conditionis,
673 1724 1118 1784 praeeminentiae,
1151 1723 1254 1768 sive
1287 1732 1455 1767 status
1475 1757 1488 1778 ,
1526 1739 1675 1785 agere

308 1806 544 1858 studeat,
585 1813 634 1848 et
669 1811 920 1856 tractare,
959 1818 1077 1862 qvae
1111 1801 1182 1844 ad
1214 1801 1399 1845 cultum
1434 1800 1565 1857 Dei,
1602 1803 1671 1847 A·

301 1885 579 1945 postolicae
618 1881 759 1927 Sedis
805 1885 1067 1935 honorem,
1115 1880 1481 1925 observantiam
1518 1896 1667 1925 cano-

307 1965 446 2010 nicae
481 1963 787 2018 sanctionis,
839 1961 1306 2022 redintegrationem
1342 1961 1390 2003 E
1395 1960 1670 2004 eclesiasti-
1736 1965 1739 1967 ’

308 2058 396 2088 cae
431 2040 714 2096 libertatis,
753 2040 906 2084 robur
943 2038 1119 2083 Status
1152 2037 1338 2099 Regii,
1393 2039 1671 2082 honestatis

311 2123 518 2177 cultum,
556 2120 962 2180 reformationem
982 2119 1140 2176 pacis,
1179 2117 1524 2160 relevationem
1550 2131 1673 2175 patc-

300 2217 503 2263 perum,
540 2215 600 2244 ac
635 2199 910 2243 animarum
945 2189 1187 2253 salutem,
1236 2204 1284 2240 et
1333 2196 1669 2257 tranquillita-

309 2289 406 2325 tem
444 2293 702 2339 corporum
735 2275 1065 2339 pertinebunt.
1104 2271 1166 2333 b)

1393 2530 1442 2601 ἕ.
1482 2533 1598 2584 ΧΠ.

361 2672 414 2727 b)
443 2673 566 2714 Haec
588 2701 600 2722 ,
633 2671 856 2725 pluraqve
889 2670 945 2710 de
978 2668 1065 2710 hoc
1096 2668 1269 2724 Legato
1300 2667 1465 2710 videsis
1495 2667 1541 2709 in
1557 2666 1667 2706 meis
1717 2652 1719 2654 ¹

415 2743 680 2784 amoenitat.
713 2738 931 2782 fasciculo
965 2738 1033 2780 IV.
1065 2751 1188 2779 num.
1217 2741 1256 2780 Ι.
