1811 3128
684 187 870 204 ““““““
1440 187 1472 236 9

101 306 145 356 εἰ
182 298 342 351 maior
376 296 569 358 fuerit,
610 295 955 364 qvadraginta
982 295 1162 346 diebus
1198 296 1470 363 poeniten·

102 386 224 434 tiam
259 389 411 445 agat3
462 378 518 440 z)
564 380 734 425 minor
781 394 940 435 vero,
992 394 1087 443 per
1122 387 1322 442 septem
1360 373 1470 422 dies

97 461 263 529 plagis
291 458 566 507 afficiatur.
612 463 727 521 Cap.
757 464 803 511 8.
840 457 991 505 Festa
1017 459 1339 523 praescripta
1367 471 1469 503 non

98 539 380 588 observans
428 535 614 584 eodem
672 547 828 603 pacto
880 534 1191 602 puniendus.
1257 542 1372 597 Cap.
1423 546 1471 593 9.

94 616 375 683 Neglector
409 618 759 683 poenitentiae
797 615 890 663 sibi
933 618 1224 672 iniunctae,
1275 631 1370 681 per
1406 613 1470 661 E-

94 699 367 764 piscopum
419 694 750 744 anathemate
797 695 1056 755 feriatur3
1109 705 1158 742 et
1207 710 1323 742 cum
1372 692 1473 741 hoc

94 794 157 825 ex
191 775 285 825 hac
321 778 429 824 vita
466 773 758 833 decedenS‚
796 791 891 822 nec
929 777 979 822 in
1010 776 1354 841 coemeterio.
1378 789 1472 820 nec

93 871 124 905 a
162 855 468 922 Presbytero
505 854 805 921 sepeliatur.
849 860 965 917 Cap.
1009 871 1083 904 10.
1124 853 1329 918 Aeger,
1374 855 1473 901 nisi

92 935 264 984 subito
315 937 641 1001 opprimatur
678 971 695 993 ‚
753 951 854 983 non
914 945 1104 982 vocato
1157 932 1472 998 Presbytero

90 1027 358 1073 mortuus,
398 1012 570 1062 eidem
606 1013 867 1062 subiaceat
902 1030 1140 1079 poenae3
1180 1015 1253 1060 uti
1288 1024 1337 1060 et
1372 1028 1467 1078 pa-

92 1105 264 1142 rentes
302 1094 470 1150 illius,
508 1093 595 1140 vel
627 1095 827 1141 coniux.
898 1092 938 1140 E
977 1092 1160 1157 qvibus
1199 1094 1239 1139 si
1265 1092 1467 1140 nullum

88 1171 329 1221 habuerit
378 1184 648 1237 aegrotans
678 1208 692 1230 ,
747 1189 945 1237 poenae
994 1172 1112 1219 huic
1175 1171 1471 1220 subiacebit

87 1251 312 1309 villicus,
343 1268 460 1298 cum
492 1249 689 1298 duobus
720 1252 1003 1299 senioribus
1029 1251 1206 1300 villae.
1246 1253 1301 1314 a)
1348 1257 1467 1314 Cap.

94 1343 169 1377 11.
203 1330 462 1395 Legitime
500 1332 795 1396 coniugati,
849 1346 966 1377 cum
1003 1331 1173 1376 uxoris
1217 1328 1468 1379 duntaxat

90 1426 372 1468 consensu,
423 1407 490 1457 ad
538 1409 910 1475 Episcopatum
948 1420 1290 1457 assumantur.
1346 1415 1465 1471 Cap.

95 1503 171 1537 12.
208 1488 258 1535 Si
295 1488 579 1554 Episcopus
617 1487 681 1536 de
716 1491 1013 1553 acqvisitis‚
1064 1499 1166 1536 tres
1206 1500 1380 1555 partes
1416 1492 1469 1537 in

87 1583 207 1615 usus
243 1567 505 1616 Ecclesiae
544 1568 792 1628 contulit,
845 1567 909 1616 de
950 1579 1135 1632 qvarta
1187 1568 1352 1617 libere
1393 1566 1470 1616 di-

86 1658 289 1712 sponat.
327 1647 388 1709 b)
434 1653 548 1709 Cap.
595 1662 667 1707 13.
708 1648 757 1695 Si
788 1648 1038 1715 Episcopi
1068 1651 1172 1696 iam
1198 1651 1308 1697 vita
1351 1649 1467 1696 fun-

85 1729 181 1783 cti,
234 1726 352 1773 filiis
396 1725 616 1775 antehac
663 1727 896 1794 legitime
947 1731 1199 1795 susceptis
1235 1765 1251 1787 ,
1296 1739 1464 1776 totum

84 1805 448 1870 reliqverunt‚
488 1805 705 1855 dimidia
742 1824 859 1873 pars
892 1808 1155 1857 Ecclesiae
1197 1805 1466 1858 reddetur.

80 1885 410 1933 Monasteria
446 1903 573 1935 vero
611 1887 793 1936 talium
816 1925 831 1946 ‚
871 1887 1117 1955 Episcopi
1153 1889 1463 1936 successoris

1259 1965 1393 2014 libe-

129 2080 182 2135 Ζ)
213 2081 322 2124 Sola
352 2083 499 2124 editio
530 2083 803 2127 Kolleriana
833 2084 973 2127 habet
1003 2085 1100 2126 dies
1133 2084 1362 2127 undecim.
1413 2083 1463 2139 a)

188 2151 385 2193 Nomine
420 2154 569 2194 Villz'ci
597 2153 670 2195 hic
702 2168 806 2195 eum
835 2154 1069 2210 intelligi,
1101 2167 1234 2207 qvem
1266 2152 1453 2194 hodier-

185 2233 245 2261 no
292 2233 421 2261 more
464 2222 665 2266 Iudicem
709 2227 797 2264 loci
840 2221 1175 2276 compellamus
1210 2250 1222 2269 ‚
1268 2231 1456 2275 praeter

186 2288 327 2342 plura
363 2290 672 2340 documenta,
703 2305 817 2346 qvae
862 2305 1042 2346 possem
1072 2288 1285 2344 proferre
1315 2319 1331 2340 ‚
1374 2290 1457 2331 do-

185 2367 262 2398 cet
300 2358 423 2400 illud
466 2360 571 2400 anni
615 2372 736 2414 1207.
780 2373 851 2413 ap.
898 2359 965 2401 Cl.
1006 2362 1211 2416 Wagner
1250 2360 1298 2399 in
1328 2358 1451 2400 anal.

185 2424 370 2479 ScepuS.
400 2437 533 2480 parte
565 2429 599 2471 Ι.
640 2442 744 2486 pag.
786 2439 884 2481 444.
925 2427 1006 2469 ubi
1036 2427 1338 2484 Hemmingus
1371 2427 1454 2468 Co-

186 2505 280 2534 mes
312 2496 368 2536 de
398 2494 638 2546 Olchova,
670 2496 839 2538 vallem
870 2497 1114 2551 qvamdam
1137 2495 1453 2550 impopulans,

191 2562 370 2603 cuidam
402 2564 561 2606 Ladon
581 2594 597 2614 ,
629 2564 809 2608 confert
837 2572 885 2606 in
917 2567 1067 2606 eadem
1098 2568 1203 2606 villa
1231 2566 1457 2612 iudicium,

188 2643 268 2668 seu
301 2634 552 2684 zgillieatum.
613 2633 665 2689 b)
695 2632 943 2678 Conforme
971 2633 1059 2677 hoc
1091 2642 1160 2677 est
1187 2634 1352 2677 canoni
1382 2646 1451 2687 30.

186 2710 329 2741 causS.
361 2699 458 2745 XII.
485 2715 561 2756 qv.
592 2716 632 2748 2.
