1811 3128
662 143 850 173 [Ι

1382 150 1441 195 17

0 263 10 313 »ζ
75 263 195 322 Cap.
230 271 314 318 45.
385 255 573 305 Nullus
620 272 651 304 a
701 256 990 322 baptismo,
1037 256 1122 306 vel
1158 256 1446 325 sepultura,

0 331 7 391 3
58 341 299 405 ¹pretium
348 339 536 403 exigat.
626 341 744 398 Cap.
793 337 874 392 46.
920 339 1103 386 Nullus
1125 342 1449 402 festivitates

72 423 280 466 vendere
300 427 606 482 praesumat.
645 416 706 478 u)
784 420 902 478 Cap.
931 427 1012 472 47.
1051 414 1312 465 Judicium
1349 417 1452 465 fer-

70 499 148 556 ri,
191 514 355 563 aeqve
387 500 438 545 in
468 493 900 562 qvadragesima‚
934 498 1064 544 sicut
1096 496 1208 544 aliis
1237 496 1444 555 diebus,

28 711 36 719 ‚
71 659 373 722 qvicunqve
408 655 603 704 ferrum
634 656 855 719 accipit,
903 654 1019 702 loco
1058 653 1327 721 designato
1364 672 1446 702 re-

18 734 34 783 ⁸.
69 746 246 803 ponat.
287 736 349 800 v)
425 741 541 797 Cap.
579 741 658 791 48.
696 732 839 781 Nihil
865 750 1072 798 prorsus
1110 734 1330 799 legatum*
1357 746 1447 783 aut

72 827 310 864 cantetur
345 817 395 862 in
434 814 698 875 Ecclesia,
752 814 893 878 qvod
929 830 1031 861 non
1069 813 1225 862 fuerit
1261 817 1313 861 in
1351 813 1448 879 Sy-

70 895 207 944 nodo
258 894 625 944 collaudatum.
713 899 831 956 Cap.
869 908 952 956 49.
993 895 1052 942 Si
1083 898 1188 958 qvis
1222 897 1446 959 Presby-

69 986 148 1023 ter
184 980 232 1023 e’n
283 980 520 1023 canonico
565 977 819 1032 convivio,
872 977 952 1021 vel
983 975 1227 1022 Kalendis
1265 991 1443 1039 cogen-

63 1058 177 1118 dis,
215 1054 274 1119 x)
308 1066 458 1118 potos
494 1056 704 1115 viderit,
752 1064 934 1118 arguet
983 1071 1101 1104 eos:
1134 1065 1217 1114 et,
1252 1058 1302 1101 si
1334 1072 1445 1100 eum-

1274 1151 1371 1181 non

88 1289 95 1293 ’
120 1289 173 1346 u)
204 1289 258 1332 Id
290 1304 382 1331 non
413 1303 658 1345 asseqvor,
687 1288 775 1330 nisi
805 1289 989 1331 dicatur
1019 1292 1197 1346 potius:
1229 1293 1379 1331 nullus
1398 1296 1441 1330 in

158 1360 502 1413 festivitatibus
530 1361 720 1400 vendere
744 1370 1023 1413 praesumat.
1090 1361 1225 1416 Qvod
1257 1357 1440 1402 confor-

173 1441 249 1468 me
293 1437 361 1468 est
403 1428 527 1475 decr,
559 1427 800 1469 Colomani
840 1428 965 1469 libro
1007 1429 1063 1472 11.
1109 1442 1209 1482 cap.
1257 1442 1319 1483 13.
1391 1430 1443 1469 Si

175 1502 274 1550 qvis
312 1503 353 1537 in
394 1498 462 1537 die
485 1498 621 1549 festo
660 1498 904 1539 vendiderit
926 1527 941 1547 ,
979 1504 1175 1552 pretium
1206 1507 1439 1550 acceptum

171 1566 418 1619 quadruplo
449 1571 695 1615 restituat,
724 1571 820 1618 ipse
849 1581 956 1607 vero
992 1572 1294 1619 poenitentiae
1333 1566 1437 1605 sub-

172 1641 333 1677 iaceat.
402 1633 512 1675 Cum
542 1643 696 1675 tamen
736 1634 950 1689 primitus
982 1634 1105 1687 apud
1137 1647 1249 1682 nOS,
1279 1635 1437 1678 Domi-

170 1702 285 1743 nicis
318 1703 479 1743 diebus
511 1712 838 1744 concurrentes
871 1703 930 1744 ad
959 1703 1126 1744 Divina
1147 1732 1161 1751 ‚
1206 1703 1436 1744 nundinas

170 1783 352 1824 qvoqve
383 1770 509 1812 soliti
531 1769 704 1813 fue‘rint
725 1785 895 1828 agere,
926 1771 1048 1812 unde
1078 1771 1125 1812 in
1149 1769 1265 1812 hanc
1291 1785 1434 1824 usqve

174 1837 337 1879 horam
380 1839 478 1880 dies
509 1839 592 1880 ille
625 1839 795 1881 dicitur
833 1841 1165 1893 vas-‹ir-nap,
1209 1853 1287 1880 seu
1318 1840 1437 1887 dies,

174 1920 263 1959 qvo
296 1905 470 1948 ferrum
500 1908 732 1949 venumit:
765 1907 1023 1962 prohibitio
1069 1907 1311 1963 Synodalis
1332 1937 1346 1956 ,
1387 1916 1437 1948 et

172 1975 323 2031 Regia
354 1976 593 2030 pracipuas
636 1974 830 2018 forsitan
869 1976 1107 2018 Ecclesiae
1138 1977 1433 2033 Hungaricae

168 2041 442 2084 festivitates
468 2045 687 2098 respexit.
744 2042 795 2099 v)
825 2046 893 2086 De
925 2045 1095 2086 illicito
1123 2044 1210 2086 hoo
1235 2046 1436 2099 proban-

168 2111 253 2152 dae
284 2111 491 2153 veritatis
522 2113 707 2162 medio,
736 2112 897 2170 legere
929 2123 1054 2167 potes
1074 2143 1088 2162 ,
1121 2127 1235 2167 qvae
1267 2114 1433 2167 scripsi

164 2180 395 2221 Amoenit.
454 2181 569 2224 Hist.
600 2181 723 2223 Eccl.
742 2182 792 2224 R.
814 2183 966 2238 Hung.
986 2180 1208 2223 fasciculo
1226 2182 1281 2226 ΙΙ.
1300 2196 1428 2235 pum.

168 2263 205 2292 2.
249 2246 289 2305 ᾗ.
331 2258 371 2298 8.
450 2248 502 2303 x)
547 2248 618 2290 Sic
658 2249 833 2306 legitur
874 2264 946 2303 ap.
988 2247 1274 2292 Pe‘terffium.
1346 2250 1438 2291 Sed

168 2315 215 2356 in
248 2317 410 2357 codice
441 2317 548 2359 Mss.
579 2331 666 2372 qvo
694 2319 787 2361 RR.
807 2318 972 2362 Koller
1004 2327 1050 2358 et
1072 2318 1196 2373 Pray
1222 2318 1289 2359 usi
1312 2328 1437 2368 sunt,

168 2383 353 2427 taliter:
388 2387 438 2426 Si
465 2394 560 2439 qvis
586 2387 835 2440 Presbyter
866 2394 907 2427 in
933 2392 1163 2436 convivio,
1192 2390 1266 2427 vel
1292 2390 1438 2428 calen-

168 2453 236 2492 dis
280 2464 494 2507 cogentes
550 2456 610 2495 ad
652 2465 810 2508 potum
864 2457 1024 2496 viderit
1080 2463 1168 2496 etc.
1264 2455 1441 2511 Qvodd

168 2531 278 2560 vera
318 2529 387 2562 est
437 2521 580 2564 l‘ectio
620 2520 942 2572 Pfiterffiana,
997 2523 1189 2564 nomine
1238 2530 1441 2564 canonici

171 2593 392 2639 convivii,
421 2604 600 2648 agapen
629 2579 848 2649 intelligo
868 2620 885 2644 ,
915 2605 1121 2634 mensam
1150 2591 1332 2634 scilicet
1361 2605 1435 2633 ca·

719 2661 752 2702 B
1273 2661 1384 2701 rita-

70 576 278 636 demta‚
317 575 466 626 effusi
504 577 768 641 sangvinis
811 590 992 631 causa,
1032 574 1354 636 celebretur3
1395 587 1448 624 et
1514 574 1524 581 ”
