1779 3128
710 184 896 216 Ξ
1395 189 1498 239 305

615 294 666 366 ᾗ
739 295 958 350 cxxx,

256 448 407 527 syn.
464 446 720 506 Valaclz.
765 467 824 506 a.
869 446 1160 508 MDCCL
1171 448 1352 508 XJJJ.

243 624 568 675 Postremam
621 624 792 674 refero
847 624 1109 692 Synodum
1142 625 1499 688 Valachicam,

107 724 243 774 qvae
280 708 344 757 ab
381 707 641 774 Episcopo
682 705 839 755 Paulo
872 692 1012 756 Aron
1054 723 1189 755 anno
1231 708 1371 767 1763.
1412 725 1497 756 ce-

107 786 343 847 lebrata,
379 800 550 837 cetera
588 790 754 845 inter,
802 785 929 835 mihi
967 804 1173 854 prorsus
1217 789 1501 853 incognita,

108 867 468 916 decernebat:
539 871 787 934 Quoniam
839 873 1028 917 multae
1087 871 1305 932 querelae
1348 880 1489 929 sunt,

106 952 242 1014 qvod
272 952 466 1012 quidam
505 967 569 996 ex
594 951 919 1013 Presbyter-is
954 952 1089 996 lucri
1109 965 1282 1005 causa,
1321 960 1495 997 trans-

102 1032 408 1094 grediantur
449 1032 783 1088 eanonicam,
835 1040 885 1076 et
937 1047 1181 1077 coronare
1217 1031 1491 1094 illegaliter·

100 1119 430 1170 praesumant
453 1111 803 1156 Parochianos
828 1112 1077 1158 alterius:
1110 1107 1169 1170 l)
1207 1109 1381 1174 Igitur
1411 1120 1492 1156 ta·

105 1191 224 1234 liter
262 1192 498 1234 coronati
527 1192 677 1236 iuxta
714 1189 803 1237 SS.
847 1193 1099 1247 Canmzes,
1158 1199 1208 1236 et
1243 1192 1492 1236 constitu-

91 1270 286 1324 tionem
323 1267 522 1331 Synodi
550 1269 897 1315 Dioecesanae
924 1304 941 1327 ‚
1000 1279 1255 1332 tamquam
1288 1272 1496 1333 illegiti-

103 1349 177 1394 mi
207 1349 578 1407 separabuntur
604 1382 620 1405 ‚
681 1347 926 1395 Sacerdos
968 1366 1085 1395 vero
1134 1351 1488 1400 mulctabitur.

100 1424 183 1486 m)
228 1424 403 1489 Atqve
444 1423 522 1473 hic
560 1423 802 1474 desinunt
849 1425 1075 1492 Synocfi,
1127 1443 1253 1490 qvas
1291 1443 1400 1477 esse
1434 1429 1490 1478 in

98 1504 331 1554 Ecclesia
374 1505 676 1571 Hungarica
715 1505 1036 1568 celebratas,
1072 1508 1215 1555 novi.

1295 2030 1411 2082 CA-

149 2175 200 2233 1)
231 2176 331 2218 Mos
359 2186 427 2221 est
449 2174 784 2227 Orientalium,
807 2189 998 2230 sponsos
1023 2177 1299 2222 coronandi.
1358 2179 1478 2221 Hinc

202 2245 300 2288 illis
352 2255 618 2288 contractus
668 2246 889 2299 nuptialis
922 2276 936 2296 ,
998 2254 1227 2288 coronatio
1285 2247 1476 2290 dicitur.

204 2316 306 2357 Mos
338 2314 413 2356 hic
445 2315 787 2369 antiqvissimus
821 2325 916 2365 est,
959 2317 1086 2357 cuius
1117 2316 1334 2357 meminit
1361 2317 1478 2358 Ter-

203 2383 428 2427 tullianus
460 2383 586 2424 libro
617 2382 690 2424 De
723 2398 888 2424 corona
930 2387 1081 2426 militis
1110 2384 1366 2438 inscripto,
1396 2386 1476 2426 ubi

205 2464 310 2504 cap.
342 2465 406 2507 13.
438 2452 526 2495 ait:
561 2452 785 2493 Coronant
816 2464 861 2494 et
891 2451 1073 2505 nuptiae
1103 2469 1307 2507 sponsos.
1366 2454 1478 2495 Plu-

201 2532 254 2562 ra
286 2519 380 2562 RR.
413 2520 594 2575 Tompa
625 2521 682 2562 de
714 2520 863 2564 Sacris
895 2521 1059 2566 Christ.
1091 2522 1219 2564 ritib.
1251 2532 1384 2578 parte
1413 2523 1474 2568 11.

202 2586 243 2647 ᾗ.
281 2601 373 2644 199.
429 2590 499 2649 m)
530 2594 614 2647 Ap.
646 2590 786 2634 eund.
816 2589 954 2633 Klein
983 2603 1094 2649 pag.
1125 2601 1194 2644 48.

754 2699 803 2751 U
