1779 3128
707 151 889 180 2-——-.-
1381 149 1474 196 215

108 262 225 313 Non
263 279 313 310 se
351 263 587 326 ingerant
623 262 674 308 in
712 246 925 326 muner-a
952 259 1308 309 parochorum.
1381 258 1477 306 Or-

106 344 278 392 dinum
317 341 919 410 Superiores'invigilent
957 341 1225 406 religiosae
1253 338 1478 405 discipli-

99 439 222 471 nae.
307 420 557 486 Religiosi
606 419 798 484 absqve
842 420 1042 468 indultu
1077 422 1346 486 potestatis
1385 417 1477 464 Ee·

102 501 453 558 olesiasticae‚
504 501 555 547 in
593 498 851 547 Parochiis
904 516 966 547 ne
1007 501 1174 546 ausi-nt
1212 496 1477 565 spirituale

101 597 282 628 munus
321 597 577 629 exercere.
652 578 761 628 Hoc
801 596 927 626 vero
958 580 1175 635 muniti,
1216 593 1479 627 commen-

102 660 291 708 dantur
330 660 564 708 fidelium
617 663 849 717 caritati,
902 659 1096 706 iuribus
1138 657 1480 706 Parochorum

102 740 274 789 salvis,
345 741 425 798 36.
465 739 809 799 Decernitur‚
850 738 1035 786 Clerici
1070 739 1132 784 de
1171 737 1480 800 qvibusnam

106 819 296 877 rebus,
350 819 556 883 qvalive
607 818 762 866 modo
829 818 1197 867 testamentum
1260 814 1482 864 condere

104 901 316 966 possint.
401 897 664 946 Haeredes
715 916 775 946 ex
813 907 1156 953 testamento,
1214 896 1483 942 antistius

107 989 479 1042 exeqvutores‚
534 981 622 1042 qvi
669 976 874 1026 tardant
922 977 1054 1024 uiti-a
1108 977 1336 1043 spatium
1368 977 1485 1023 anni

105 1057 428 1107 voluntatem
469 1059 652 1121 exeqvi
691 1059 949 1107 testatoris
992 1054 1167 1120 qvoad
1205 1055 1313 1112 illa,
1354 1071 1484 1118 qvae

105 1135 318 1198 reliqvit
355 1136 420 1185 ad
454 1152 628 1184 causas
670 1138 813 1201 piam,
852 1136 936 1186 vel
964 1138 1193 1193 restitui,
1235 1152 1326 1184 ceu
1363 1134 1488 1182 alie-

94 1231 207 1272 na,
243 1214 444 1273 voluit,
487 1215 812 1267 anathemate
864 1215 1118 1264 feriuntur
1171 1217 1265 1262 ista
1302 1215 1488 1262 consti-

111 1296 332 1344 tutione.
423 1292 582 1358 quvc
620 1297 752 1343 inter
789 1295 1066 1342 Missarum
1100 1294 1351 1343 solemnia
1388 1293 1491 1342 fre-

112 1384 367 1437 qventer‚
408 1373 702 1423 decernitur
751 1372 1209 1441 promulgandumff
1292 1374 1372 1431 36.
1425 1372 1492 1421 E·

109 1463 381 1503 narrantur
417 1468 562 1501 casus
601 1453 872 1512 Pontifici,
921 1469 978 1501 ac
1018 1453 1282 1519 Episcopis
1328 1469 1492 1500 rese-r-

110 1534 245 1581 νεῶς
306 1532 397 1582 His
431 1549 556 1581 vero
596 1536 667 1582 sic
707 1532 974 1592 deductis,
1014 1543 1377 1580 enumerantur
1399 1549 1491 1599 pro

112 1612 355 1659 Dioecesi
409 1612 748 1678 Strigoniensi
795 1612 958 1675 festa,
1008 1615 1068 1664 in!
1102 1611 1297 1675 choro,
1338 1623 1492 1678 atqve

108 1692 160 1743 in
198 1691 309 1742 foro
346 1689 676 1742 celebranda.

581 1821 630 1891 §.
702 1825 1046 1874 LXXXVIII.

375 1948 520 2026 Αςζγη.
567 1936 804 2020 Scepus,
851 1967 909 2003 a.
956 1907 1230 2006 Mem

247 2097 304 2145 In
342 2093 582 2145 eumdem
636 2112 825 2144 annum
874 2094 1055 2145 incidit
1093 2094 1333 2161 Synodus·
1380 2095 1496 2145 Sce-

113 2179 396 2247 pusiensis‚
436 2192 465 2223 a
502 2175 656 2223 Petro
683 2174 895 2223 Paulino
920 2174 1199 2223 celebrata.
1272 2176 1372 2241 Qvi
1393 2179 1500 2243 pri·

118 2273 262 2304 mum
312 2266 602 2304 memorato
647 2253 1089 2322 Archi-Episcopo
1139 2255 1309 2304 fuera?
1357 2272 1389 2304 a·
1422 2273 1501 2304 se·

118 2337 269 2382 cretis
294 2371 310 2392 ‚
347 2346 456 2383 tum
494 2335 559 2382 ad
596 2351 787 2382 annum
850 2349 990 2395 1557.
1045 2333 1339 2384 Canonicus
1378 2335 1502 2384 Stri—

121 2416 419 2480 goniensis‚
457 2425 507 2462 et
545 2414 871 2482 praepositus
922 2414 968 2464 S.
1007 2412 1252 2482 Stephani
1305 2413 1369 2463 de
1404 2414 1501 2463 Ca-

122 2504 226 2541 stro
264 2492 620 2558 Strigoniensi.
659 2492 721 2556 k)
812 2494 944 2543 Hinc
981 2493 1261 2565 Episcopus
1301 2493 1504 2542 Chana=
1560 2557 1561 2561 Ἰ

1292 2574 1438 2624 dien-

184 2663 235 2721 k)
268 2666 344 2718 Ap.
377 2660 585 2720 Peterffy
615 2674 727 2707 tom.
763 2666 820 2711 II.
853 2678 958 2723 pag.
991 2676 1031 2718 g.
