1779 3128
300 186 401 235 284
902 184 1084 214 m

290 305 348 353 in
386 298 661 351 formanda
713 314 907 359 cruce,
961 315 1021 348 ac
1069 298 1386 348 orationibus
1439 295 1670 347 dicendis

295 390 651 431 exerceantur.
723 378 895 444 Qvare
931 396 1108 428 omnes
1153 381 1432 428 animarum
1472 378 1673 428 curato-'

294 478 376 509 res
412 496 428 520 ‚
478 458 706 507 habeant
756 461 1011 525 imprimis
1063 459 1421 508 catechismum
1482 460 1674 507 Roma·

293 557 449 598 num,
501 538 662 587 Biblia
699 538 890 598 Sacra,
940 537 1281 588 Tridentinae
1319 538 1513 604 Synodi
1552 555 1673 587 con-

295 621 607 667 stitutiones,
678 618 991 683 Scripturam
1020 618 1227 665 Sacram
1262 617 1560 682 qvotidiana
1598 618 1673 665 le·
1739 611 1768 651 ’·

297 701 470 746 ctione
492 734 507 756 ‚
546 696 860 746 familiarem
896 698 989 745 sibi
1030 696 1264 745 reddant.
1349 697 1517 761 Qvare
1553 700 1675 745 visi·
1760 710 1761 713 ’

287 787 489 825 ¹tatores
519 813 535 837 ‚
593 787 642 824 et
692 775 1131 835 Archi-Diaconi‚
1179 779 1313 824 inter
1350 787 1558 834 cetera,
1607 776 1672 824 de
1740 798 1741 813 ι

295 855 374 905 his
423 859 706 920 inqvirent.
793 856 923 922 Cap.
973 870 1021 916 7.
1079 856 1416 913 Servitrices,
1469 866 1674 920 praeter

297 938 712 1000 consangvineas
762 937 897 983 intra
948 947 1181 1000 qvartum
1236 937 1490 1001 gradum,
1547 933 1673 982 tales
1759 963 1765 978 .

297 1026 452 1063 sunto
495 1014 734 1073 Clericis‚
795 1032 928 1079 qvae
967 1025 1054 1062 aut
1090 1013 1458 1062 duodecimum
1496 1015 1678 1061 aetatis
1761 1044 1765 1046 -

299 1094 519 1161 gradum
556 1092 695 1142 haud
721 1093 1025 1160 adtigerint‚
1061 1094 1148 1141 vel
1174 1097 1528 1160 superaverint
1553 1108 1677 1156 qva·
1744 1109 1745 1113 ¹

301 1172 651 1240 dragesimum
675 1211 690 1235 ‚
745 1174 832 1221 vel
871 1172 936 1221 ad
973 1176 1138 1222 minus
1178 1176 1494 1239 trigesimum
1532 1174 1679 1236 qvin-

297 1264 408 1302 tum
430 1289 445 1312 ‚
479 1255 783 1317 ceteroqvin
808 1253 977 1302 bonae
1001 1264 1291 1302 constanter
1313 1253 1501 1300 famae.
1552 1251 1676 1316 Qvi·
1744 1255 1747 1278 ⁴

297 1332 393 1382 bus
432 1333 498 1380 ad
534 1333 892 1382 dormitorium
941 1350 1044 1396 non
1082 1335 1145 1380 sit
1183 1342 1453 1381 accessu&
1520 1331 1676 1378 Habi-
1744 1342 1747 1402 ¹3

300 1415 430 1460 tatio
469 1424 674 1472 autem,
722 1415 862 1461 iuxta
907 1416 1106 1478 priores
1160 1414 1538 1461 constitutiones
1577 1412 1676 1456 eri·
1746 1439 1747 1460 ;

297 1503 466 1558 gatur.
538 1492 734 1542 Usurae
758 1529 773 1550 ,
816 1504 1050 1556 qvaestus
1075 1529 1088 1549 ‚
1126 1508 1294 1540 mores
1330 1487 1555 1538 indecori
1579 1525 1591 1546 ,
1650 1504 1678 1535 a
1746 1493 1748 1505 ¹

302 1571 455 1620 Clero
496 1572 682 1620 absint.
765 1571 943 1620 Vestes
1000 1583 1171 1620 autem
1210 1569 1509 1618 deferantur
1547 1569 1675 1616 alias
1748 1630 1749 1640 γ

305 1651 613 1717 descriptae.
688 1650 952 1716 Qvicqvid
989 1668 1114 1698 vero
1152 1650 1462 1697 modestiam
1500 1647 1680 1696 Sacer·
1748 1678 1750 1700 2

303 1730 534 1778 dotalem
585 1729 847 1790 dedecet,
904 1731 1464 1785 interdicitursevere.
1548 1722 1676 1793 Cap.
1750 1790 1751 1796 ἵ

302 1817 350 1864 8.
403 1808 772 1858 Archidiaconi
820 1826 1026 1858 suarum
1078 1809 1434 1857 parochiarum
1482 1807 1678 1866 literas,

305 1888 421 1937 loco
458 1892 510 1937 in
545 1890 773 1938 Ecclesia
801 1888 1110 1955 ‚Cathedrali
1148 1887 1434 1944 destinato,
1472 1902 1676 1934 conser-

304 1969 520 2018 vabunt.
592 1968 951 2017 Procuratores
985 1985 1192 2032 qvoqve
1226 1983 1318 2034 pro
1345 1965 1521 2013 litibus
1560 1981 1678 2030 pro·

306 2043 610 2106 movendis,
657 2047 957 2112 iuribusqve
1009 2047 1353 2095 Ecclesiarum
1391 2043 1677 2092 desenden-

302 2126 417 2186 dis,
471 2126 610 2175 Cleri
654 2130 807 2175 totius
863 2138 1028 2176 sumtu
1067 2123 1408 2174 conducendi.
1499 2122 1678 2189 Negli-

307 2218 488 2271 gentes
527 2224 633 2254 rem
672 2206 1053 2265 Ecclesiarum,
1092 2205 1155 2253 de
1194 2206 1400 2271 proprio
1437 2205 1677 2250 sarciant.

306 2286 355 2333 Si
391 2288 604 2333 minime
643 2288 874 2352 possint,
921 2296 1036 2353 post
1072 2286 1408 2332 monitionem
1431 2319 1443 2338 ,
1481 2281 1676 2328 benefi-

305 2366 389 2411 cio
440 2367 728 2429 priventur.
826 2366 969 2413 Idem
1009 2375 1115 2412 esto
1153 2361 1217 2410 de
1247 2364 1341 2431 ‚iis’
1395 2364 1479 2424 qvi
1518 2360 1675 2407 libros

303 2442 688 2502 Ecclesiarum,
725 2444 811 2492 vel
840 2461 955 2492 suos
983 2443 1406 2491 abaIIenaverint.
1478 2440 1517 2486 E
1549 2456 1675 2503 qvo-

306 2539 421 2570 rum
468 2522 711 2571 videlicet
760 2524 1076 2578 substantia,
1129 2522 1479 2586 compensatio
1521 2517 1676 2583 dupla

304 2602 415 2651 fiat.
503 2603 832 2650 Immemores
881 2604 967 2666 qvi
1017 2600 1206 2648 fuerint
1259 2602 1311 2646 in
1366 2609 1674 2646 testamento

1434 2677 1608 2725 Xeno-
