1779 3128
693 238 877 245 -ῌ
1383 220 1480 266 255

99 335 294 382 scilicet
331 330 564 392 Capitula
599 331 898 393 Hungariae
935 332 1010 376 ita
1045 331 1229 376 stricto
1267 330 1483 376 vocabu-

105 418 155 461 lo
191 412 524 472 nuncuparit,
571 419 716 472 atqve
770 409 1098 456 Seminarium
1136 406 1488 474 Hungariae?

103 503 186 549 et,
223 493 304 537 uti
333 491 425 536 sub
464 490 704 535 vocabulo
740 488 1012 535 Seminarii
1043 491 1361 554 Hungariae‚
1401 488 1487 537 Se·

101 572 316 620 minaria
365 567 632 615 Slavoniae
680 571 1028 628 comprehensa
1076 585 1180 615 esse
1229 570 1485 617 noluertt:

75 654 176 698 'ita
224 652 374 695 etiam
427 649 519 694 sub
565 649 896 710 appellatione
957 649 1299 708 Capitulorum
1337 650 1486 695 Hun-

93 732 303 796 gariae‚
358 730 574 774 voluerit
617 744 721 773 esse
765 728 970 773 exclusa
1030 728 1263 788 Capitula
1304 726 1484 774 Slavo-

98 805 254 857 niae?
304 810 572 869 Alioquin,
625 825 733 853 cum
781 808 930 852 nullis
979 810 1085 853 suis
1134 809 1389 853 demeritis
1424 808 1484 853 id

100 891 180 935 vel
211 890 270 934 de
323 887 426 933 Sua
475 886 835 933 Sacratissima
884 883 1200 945 Maiestate,
1258 887 1338 933 vel
1363 904 1481 933 vero

97 970 158 1014 de
192 969 457 1031 Religione
512 968 804 1023 Catholica,
858 984 997 1029 quam
1051 968 1244 1013 illibate
1288 983 1481 1027 semper

97 1056 397 1104 servarunt,
433 1056 760 1109 servantque,
815 1048 1184 1107 promeruerint
1227 1047 1482 1107 capitula,

94 1136 144 1172 et
187 1128 358 1172 Clerus
393 1126 567 1189 Regni
599 1125 893 1184 Slauoniae‚
932 1144 1027 1172 non
1065 1135 1174 1185 est,
1214 1127 1345 1189 qvod
1374 1135 1479 1171 tam

95 1207 285 1269 insigni
316 1222 526 1251 censura
565 1215 878 1252 notarentur.
964 1206 1178 1268 Indeque
1214 1207 1478 1252 videndum

93 1287 229 1343 erit,
280 1294 368 1342 ut,
417 1286 466 1330 si
511 1301 569 1330 ea
612 1287 682 1330 sit
728 1301 863 1331 mens
906 1286 1198 1345 praedictae
1251 1285 1463 1349 Synodi‚

95 1368 248 1411 etiam
284 1381 430 1426 super
464 1366 559 1411 hoc
603 1363 707 1411 Sua
743 1364 1003 1412 Sanctitas
1039 1368 1326 1429 requiratur
1343 1383 1366 1425 ,·
1407 1375 1476 1422 et,

1354 1449 1406 1492 si

209 1573 343 1603 antur
369 1593 380 1611 ‚
424 1564 690 1618 Apostoliea
719 1567 1000 1607 authoritate
1026 1596 1042 1616 ,
1085 1576 1240 1607 tenore
1273 1579 1486 1619 praesen-

212 1638 321 1672 tIum
352 1640 615 1683 statuimus,
647 1645 689 1675 et
714 1636 989 1685 ordinamus,
1013 1636 1327 1688 Synodumqve
1350 1634 1487 1674 Dioe·

211 1715 414 1742 cesanam
448 1702 797 1754 Zagrabiensem
826 1733 840 1752 ,
883 1713 933 1744 ut
958 1705 1254 1756 praefertur,
1285 1703 1483 1743 celebra-

207 1780 296 1810 tam
320 1799 333 1818 ,
375 1772 689 1819 authoritate,
730 1781 774 1811 et
822 1782 979 1812 tenore
1004 1777 1306 1825 praesentium
1337 1786 1488 1811 cassa-

208 1852 341 1886 mus,
370 1844 630 1887 irritamus,
661 1849 705 1879 et
736 1844 1048 1890 annullamus,
1087 1857 1139 1881 ac
1166 1855 1252 1893 pro
1284 1849 1487 1888 cassata,

204 1912 367 1955 irrita,
409 1917 451 1946 et
496 1911 722 1948 annullata
759 1910 920 1949 haberi
946 1912 1150 1949 volumus
1170 1924 1197 1957 ·,
1238 1917 1283 1948 et
1312 1910 1487 1948 manda-

206 1989 338 2024 mus,
367 1977 660 2017 decernentes
689 1983 865 2018 irritum
886 2006 900 2025 ,
932 1986 976 2017 et
1005 1983 1133 2018 inane
1155 2006 1168 2024 ,
1220 1981 1262 2016 si
1287 1978 1396 2030 qvid
1421 1991 1492 2016 se-

212 2059 293 2083 cus
324 2059 462 2097 super
488 2046 560 2086 his
591 2061 617 2085 a
649 2061 866 2100 qvoqvam
899 2051 1053 2098 quavis
1082 2045 1364 2086 authoritate
1404 2060 1453 2086 sc
1476 2053 1512 2086 i—

210 2122 368 2162 enter,
410 2117 485 2154 vel
521 2121 783 2167 ignoranter
824 2119 1065 2167 contigerit
1104 2119 1356 2162 attentari,
1399 2128 1486 2154 non

213 2181 498 2222 obstantibus
541 2184 942 2223 constitutionibus
970 2211 986 2232 ,
1041 2191 1085 2222 et
1136 2182 1488 2222 ordinationibus

203 2248 477 2302 Apostolicis
492 2279 507 2298 ,
539 2266 590 2290 ac
618 2252 837 2291 dictarunt
870 2250 1177 2292 Ecclesiarum
1209 2257 1339 2291 etiam
1367 2256 1487 2292 iura-

205 2328 382 2367 mento,
413 2321 748 2368 confirmatione
777 2318 1072 2372 Apostolica,
1119 2322 1194 2359 vel
1219 2326 1374 2373 quavis
1402 2320 1486 2369 fir·

207 2390 364 2426 mitate
403 2391 490 2427 alia
531 2388 759 2428 roboratis
799 2386 989 2428 sta‘tutis
1009 2418 1022 2436 ,
1065 2403 1118 2428 ac
1161 2389 1488 2428 consuetudini-

209 2453 292 2491 bus
311 2483 325 2501 ,
357 2462 609 2511 ceterisque
641 2463 878 2498 contrariis
908 2457 1251 2510 quibuscunque.
1312 2455 1484 2497 Datum

211 2520 379 2562 Romae
408 2539 476 2576 ap.
512 2527 556 2568 S.
587 2527 782 2566 [Mariam
807 2531 1016 2565 maiorem
1039 2526 1120 2565 sub
1152 2528 1313 2566 annulo
1339 2530 1489 2579 pisca-

211 2594 350 2637 toris,
395 2592 462 2630 die
501 2603 567 2642 28.
614 2595 736 2646 Sept.
784 2593 1104 2634 MDCXXXV.
1164 2593 1297 2634 Pont.
1341 2598 1491 2633 nostri

212 2672 324 2696 inno
366 2660 501 2699 MII.
573 2664 641 2704 Ita
684 2663 805 2715 apud
858 2662 979 2717 Pray
1032 2661 1080 2701 in
1125 2661 1311 2716 specim.
1358 2661 1476 2703 Hier
1522 2686 1534 2697 ·

210 2725 364 2782 Hung.
400 2736 530 2779 parte
561 2729 597 2769 Ι.
629 2744 733 2786 pag.
766 2743 833 2785 79.
