1779 3128
1398 216 1501 264 313

115 326 579 384 consultationum
616 344 710 394 pro
747 328 890 377 cuius
923 341 1198 385 consessu,
1235 321 1366 374 datis
1405 322 1505 372 Po-

116 412 249 458 sonii
299 408 490 456 Literis
546 409 630 456 die
681 422 728 463 4.
777 408 1008 465 Martii,
1054 422 1188 455 anno
1244 404 1385 457 1628.
1434 401 1504 451 ad

115 488 519 554 Suffraganeos,
569 499 620 536 et
670 487 908 554 Capitula
940 523 955 546 ,
1016 486 1156 536 diem
1220 482 1506 534 secundam

114 568 313 634 Aprilis
362 570 480 616 anni
530 567 792 616 eiusdem:
843 565 1021 615 locum
1069 583 1238 625 vero,
1290 564 1505 614 Curiam

115 647 706 716 Archi-Episcopalem,
743 650 795 695 in
836 647 1132 695 Posoniensi
1172 645 1313 694 Urbe
1351 647 1506 693 sitam

117 720 437 788 destinavit,
489 728 577 776 tali
625 745 742 776 cum
793 727 1144 776 declaratione
1173 762 1190 787 ,
1232 737 1287 774 ut
1341 723 1504 773 iidem

115 811 336 875 praevie
386 807 529 856 domi
577 808 908 857 consultent:
963 810 1136 873 quibus
1187 810 1349 854 modis
1388 842 1404 865 ,
1457 816 1509 852 et

120 893 296 937 mediis
330 893 565 938 Ecclesia
600 908 661 936 ac
695 892 901 954 Religio
942 890 1203 936 Catholica
1247 891 1297 934 in
1340 887 1511 950 Unga·

123 973 202 1018 ria
231 973 519 1030 promoveri
543 973 723 1031 possit.
763 967 819 1031 c)
907 967 1209 1034 Depromtis
1245 982 1372 1015 vero
1410 981 1508 1032 per

118 1047 651 1114 Archi-Episcopum
690 1047 1158 1114 propositionibus,
1207 1044 1510 1094 conclusum

123 1138 199 1176 est
234 1131 286 1175 in
334 1144 397 1176 eo
437 1127 748 1187 Conventu,
799 1144 858 1175 ac
905 1126 997 1175 sub
1034 1124 1508 1175 Archi-praesulis

121 1211 331 1255 nomine
361 1242 377 1265 ,
423 1219 610 1256 octava
656 1207 848 1275 Aprilis
899 1206 1261 1273 publicatum:
1337 1219 1379 1255 1.
1435 1204 1510 1253 Ut

89 1287 324 1336 <statuta
361 1285 558 1353 Synodi
599 1285 1016 1353 Forgachianae,
1076 1286 1143 1334 ad
1179 1285 1509 1334 accuratissi-

121 1384 262 1415 mam
287 1370 493 1433 praxim
523 1378 851 1415 revocentur.
926 1382 970 1417 2.
1012 1355 1391 1415 Concubinatui
1420 1363 1512 1411 Sa-

122 1445 395 1495 cerdotum
427 1483 443 1505 ,
496 1445 810 1511 qvibuslibet
861 1448 957 1494 viis
1012 1444 1386 1495 obsistendum.
1457 1457 1508 1503 3.

122 1526 224 1575 Per
259 1525 709 1575 Archi-Diaconos
762 1529 971 1574 nomine
1008 1525 1361 1574 praelatorum
1418 1522 1512 1573 de-

123 1609 401 1655 nuncietur
450 1605 692 1654 Parochis
722 1642 738 1665 ,
791 1622 896 1653 non
946 1606 1105 1654 licere
1142 1607 1266 1672 ipsis
1307 1622 1370 1653 ex
1408 1620 1512 1653 una

123 1685 405 1745 Parochia,
444 1685 531 1734 vel
568 1686 812 1734 Dioecesi
846 1688 1067 1752 migrare
1104 1688 1156 1733 in
1184 1685 1362 1743 aliam,
1396 1687 1509 1733 sine

125 1766 373 1814 facultate
411 1765 475 1814 ab
518 1765 831 1826 Ordinatio,
872 1777 959 1814 aut
995 1765 1231 1824 Vicario,
1286 1764 1374 1815 vel
1408 1765 1510 1813 Ar·

126 1844 479 1894 chi-Diacono
517 1846 748 1896 obtenta.
803 1862 851 1903 4.
887 1844 973 1895 Ad
1007 1844 1143 1893 hunc
1181 1845 1393 1893 abusum
1429 1844 1510 1892 fa-

122 1925 271 1975 cilius
310 1926 625 1987 arcendum,
673 1926 866 1975 Vicat-ii
901 1926 1152 1974 formatas
1188 1922 1509 1973 ordinando-

123 2022 238 2053 rum
279 2004 648 2065 Sacerdotum,
685 2005 827 2073 apud
865 2023 918 2055 se
955 2004 1252 2063 detineant,
1289 2020 1394 2054 non
1431 2021 1509 2052 se·

122 2102 210 2133 cus
249 2086 456 2146 daturi,
497 2102 650 2150 qvam
700 2103 728 2134 a
767 2085 1006 2134 Praelato
1053 2087 1104 2132 in
1154 2083 1307 2133 aliam
1344 2083 1507 2132 Dioe-

125 2168 283 2214 cesim
335 2164 736 2231 transmigrandi
786 2165 1006 2214 facultas
1056 2162 1326 2214 habeatur.
1411 2162 1511 2213 Ca-

125 2245 323 2294 vebunt
359 2245 443 2293 alii
481 2262 685 2309 qvoqve
721 2243 1059 2304 Sacerdotes,
1095 2261 1160 2293 ne
1196 2246 1250 2292 in
1287 2241 1383 2292 hoc
1421 2261 1513 2310 ge·

129 2341 255 2374 nere
297 2324 661 2391 decipiantur,
709 2324 1085 2373 testimoniales
1135 2340 1285 2391 super
1333 2323 1513 2372 Sacer-

130 2404 320 2463 dotio,
374 2409 616 2470 cuiqvam
674 2403 996 2470 elargiendo.
1094 2403 1511 2452 Licentiatorum

130 2485 354 2535 facultas
399 2484 465 2534 ad
512 2502 674 2534 unum
722 2484 1012 2535 alterumve
1059 2499 1254 2532 annum
1301 2485 1516 2531 restrin-

1321 2579 1448 2631 gen-

193 2740 240 2797 c)
268 2741 321 2784 In
351 2740 516 2787 Litoris
548 2740 906 2789 convocatoriis.
963 2738 1159 2787 Ibidem.
