1779 3128
287 169 349 232 62‘
881 190 1066 212 --

1341 233 1370 251 w.

283 305 348 356 de
388 302 648 353 inoffenso
683 302 899 371 procedi
947 316 1152 372 poterat
1202 304 1269 354 ad
1305 302 1657 354 discutiendas
1731 347 1734 373 3

283 386 698 455 propositioneS‚
750 400 775 432 e
830 384 1016 448 qvibus
1065 383 1204 433 edita
1254 396 1368 433 sunt
1427 385 1656 443 decreta,

283 475 439 532 prout
474 475 793 527 seqvuntur:
847 479 888 514 1.
938 464 1007 512 Ut
1051 468 1389 530 imposterum
1436 468 1500 513 sit
1536 480 1657 512 usus

283 544 570 603 Breviarii‚
607 543 943 608 Missalisqve
976 543 1231 602 Romani,
1258 543 1537 593 dummodo
1560 543 1657 608 Pa-

282 635 557 673 tronorum
617 621 766 671 huius
825 623 994 689 Regni
1055 622 1399 689 peculiarium
1445 624 1655 681 Missas,

286 702 497 763 officia,
543 701 827 762 lectiones,
876 704 1236 768 responsoria,
1289 719 1406 750 cum
1442 705 1542 750 suis
1580 701 1658 749 fe-

286 785 410 842 stis,
460 793 511 830 et
548 785 994 842 eorum-octavis,
1046 798 1142 848 per
1193 780 1443 846 qvosdam
1497 781 1525 830 a
1561 781 1658 847 Sy-

290 861 429 912 nodo
466 861 738 928 deputatos
776 861 1026 922 collecta,
1065 861 1289 925 Sediqve
1326 860 1657 926 Apostolicae

285 939 699 1010 praesentanda,
748 940 980 988 eiusdem
1027 938 1299 988 adsensum
1338 956 1658 1004 conseqvan·

261 1033 387 1083 stur.
425 1022 487 1083 r)
561 1036 605 1068 2.
643 1019 863 1067 Praelati
899 1021 1039 1067 iuxta
1070 1019 1241 1086 legem
1269 1017 1658 1078 Tridentinam‚

289 1100 352 1163 s)
394 1116 422 1146 a
457 1099 682 1164 propriis
709 1098 1035 1157 residemus,
1071 1099 1205 1148 ultra
1245 1096 1405 1157 duos,
1445 1110 1531 1147 aut
1555 1109 1658 1146 tres

289 1193 492 1227 menses
530 1194 594 1225 ne
636 1177 835 1237 absint,
887 1179 984 1225 nisi
1021 1177 1163 1226 aliud
1196 1189 1375 1244 poscat
1413 1176 1660 1225 Christia-

289 1274 356 1305 na
395 1259 608 1314 caritas,
648 1255 821 1305 debita
849 1255 1176 1315 obedientia,
1211 1256 1298 1304 vel
1325 1257 1536 1305 evidens
1562 1257 1659 1304 Ec-

289 1337 507 1395 clesiae,
555 1346 641 1383 aut
673 1335 1028 1401 Reipublicae
1079 1335 1289 1384 utilitas.
1371 1335 1487 1401 Qvo
1536 1351 1658 1383 casu

289 1419 399 1483 peti
438 1414 591 1464 debet
627 1415 841 1462 facultas
878 1431 905 1462 a
954 1414 1204 1462 Pontifice
1251 1415 1519 1473 Romano,
1570 1413 1660 1462 vel

288 1493 737 1560 Metropolitano,
788 1495 838 1540 in
875 1492 1025 1558 huius
1073 1504 1244 1541 autem
1294 1494 1556 1552 absentia,
1590 1494 1655 1558 ab

289 1576 582 1638 antiqviore
620 1573 975 1639 SuffraganeO.
1045 1587 1092 1631 3.
1134 1572 1413 1632 Canonici‚
1464 1573 1529 1621 ob
1567 1573 1655 1620 Sa-

288 1654 559 1703 cerdotum
586 1655 904 1718 paucitatem
935 1650 999 1699 ad
1027 1651 1299 1700 Parochias
1328 1654 1502 1710 missi,
1540 1650 1658 1700 red-

289 1733 479 1782 ditibus
528 1732 908 1780 canonicalibus
963 1748 1027 1779 ne
1063 1734 1351 1797 priventur.
1439 1747 1486 1786 4.
1537 1730 1658 1778 Duo
1719 1778 1721 1781 .

292 1811 560 1862 Praesules
599 1809 820 1870 delecti,
863 1809 927 1858 ad
963 1809 1372 1858 concinnandam
1415 1826 1500 1856 eos
1539 1826 1659 1857 exa-

289 1889 525 1940 minandi
562 1889 818 1950 formam,
857 1892 944 1952 qvi
983 1900 1098 1937 sunt
1135 1888 1200 1935 ad
1236 1887 1504 1936 Parochias
1542 1890 1662 1936 mit·-

291 1970 454 2020 tendi.
539 1984 587 2029 5.
628 1970 907 2032 Postqvam
947 1968 1199 2017 Caesarea
1236 1967 1504 2033 Regiaqve
1543 1968 1664 2014 Ma-

281 2054 447 2102 ,iestas
485 2047 839 2097 Ferdina'ndus
877 2049 938 2095 II.
977 2047 1228 2113 peculiari
1264 2047 1548 2113 diplomate
1583 2049 1661 2094 in-

292 2129 479 2187 dulsit,
530 2140 586 2177 ut
637 2127 987 2175 praelatorum
1040 2130 1147 2174 vita
1187 2127 1475 2174 functorum
1513 2126 1662 2174 Bona

291 2209 540 2267 mobilia,
566 2206 631 2255 ad
667 2210 977 2255 erectionem
996 2244 1010 2264 ,
1050 2216 1098 2253 et
1126 2207 1544 2265 intertentionem
1574 2204 1662 2252 Se-

292 2290 633 2335 minariorum
671 2297 1067 2343 convertantur,
1117 2285 1176 2345 t)
1226 2287 1402 2332 cistam
1440 2283 1663 2331 ferream

1507 2361 1595 2409 de-

288 2522 294 2531 ·
347 2496 396 2552 r)
427 2498 609 2541 Literae
652 2498 710 2543 ad
750 2499 921 2552 Papam
968 2500 1153 2539 eatenus
1184 2495 1411 2549 scriptae,
1441 2494 1664 2551 leguntur

406 2566 611 2615 ibidem,
642 2581 749 2623 pag.
783 2568 962 2609 eadem.
1023 2565 1063 2620 s)
1094 2566 1215 2622 Lege
1248 2578 1398 2605 meum
1428 2565 1502 2606 Ius
1535 2561 1663 2617 publ.

406 2633 530 2675 Eccl.
572 2635 721 2690 Hung.
771 2632 810 2690 ς.
854 2646 949 2679 207.
1022 2633 1070 2686 t)
1105 2633 1296 2690 Legitur
1328 2632 1447 2674 illud
1479 2645 1548 2685 ap.
1580 2626 1666 2671 Pe-

408 2702 545 2757 terffy
565 2732 574 2744 .
608 2704 685 2750 eit,
719 2716 790 2755 op.
821 2710 866 2741 et
899 2709 1056 2754 parte,
1087 2713 1181 2753 434.
