1811 3128
331 220 392 268 44
924 222 1108 241 “¹¹''-

311 322 494 389 'Rem'v
519 329 798 397 Episcopi,
834 327 1108 390 Comites,
1155 348 1213 380 ac
1250 328 1513 393 AbbateS,
1552 331 1700 382 dum·

327 411 482 460 modo
530 411 839 468 tentorium,
877 410 1111 458 simileve
1150 411 1421 480 qvidpiam
1456 411 1708 473 habeant,

275 498 287 504 '
310 491 532 554 'sintqve
570 490 622 536 in
657 490 840 537 itinere
878 492 1155 539 constituti.
1192 491 1258 558 p)

917 615 968 685 §.
1036 619 1098 670 V.

673 736 927 795 Illorum
969 735 1364 794 continuatio,
1415 770 1418 773 ·

462 873 623 931 Caput
657 867 737 927 36.
787 879 1061 935 postqvam
1110 866 1284 919 Ahbas
1335 869 1694 937 cointelligen-

323 959 405 997 ter
451 965 567 996 cum
622 948 877 1013 Episcopo
907 985 922 1008 ‚
979 946 1208 1013 providit
1259 948 1582 996 Monasterio
1626 951 1692 998 de

324 1026 686 1075 facultatibus:
735 1043 828 1091 pro
880 1028 1178 1073 extensione
1215 1029 1545 1092 possessorii,
1599 1043 1693 1074 nu·

321 1122 523 1155 merum
568 1116 742 1153 teneat
788 1103 1165 1152 Monachorum
1196 1140 1211 1164 ,
1265 1107 1403 1153 iuxta
1457 1106 1692 1171 regulam

321 1187 661 1243 vestitorum,
700 1200 757 1231 ac
794 1185 1192 1242 instructorum,
1229 1194 1383 1247 atqve
1420 1184 1582 1249 probe
1614 1186 1690 1232 in-

319 1263 665 1328 telligentium
702 1263 748 1311 S.
785 1261 1057 1310 Benedicti
1093 1262 1353 1328 regulmn3
1403 1261 1496 1310 hac
1534 1280 1687 1329 prae-
1740 1278 1744 1282 ·

319 1352 461 1390 terea
513 1341 627 1406 lege
679 1352 916 1400 servata,
963 1351 1017 1389 ut
1066 1357 1160 1406 pro
1207 1340 1684 1407 illorumosingulo,

320 1431 492 1468 tantus
531 1431 856 1485 computetur
894 1430 1206 1486 proventus,
1245 1431 1464 1483 qvantus
1502 1436 1530 1467 a
1560 1419 1688 1468 duo-

315 1498 410 1548 bus
449 1502 628 1546 aratris
665 1501 942 1564 provenire
980 1499 1124 1547 solet.
1163 1499 1222 1562 q)
1304 1504 1418 1562 Cap.
1453 1513 1534 1559 37.
1573 1499 1682 1548 Ab·

318 1577 463 1628 butes
500 1594 612 1624 raro
650 1576 712 1625 de
748 1578 1080 1625 Monasteriis
1117 1576 1472 1643 egrediantur,
1508 1595 1680 1642 neqve

321 1655 388 1704 ad
427 1656 658 1721 Regem,
696 1656 783 1704 vel
818 1658 1163 1721 possessiones
1192 1668 1444 1714 remotas,
1484 1656 1684 1720 absqve

319 1739 451 1784 scitu
488 1735 726 1801 Episcopi
762 1734 986 1791 vadant,
1027 1751 1356 1798 neqvaqvam
1391 1735 1460 1782 ibi
1494 1735 1682 1800 perdiu.

317 1812 580 1863 moraturi.
672 1819 787 1876 Cap.
836 1820 915 1871 38.
966 1812 1196 1861 Abbates
1246 1813 1545 1878 parentibus
1582 1815 1685 1861 suis

317 1909 421 1942 non
459 1892 604 1959 plus,
655 1908 812 1956 qvam
859 1891 969 1938 aliis
1017 1891 1327 1958 pauperibus
1378 1891 1680 1956 largiantur.

1491 1974 1608 2033 Cap.

374 2101 428 2159 p)
460 2101 739 2143 Constitutio
763 2098 873 2141 haec
896 2099 1119 2141 illustrari
1139 2108 1292 2152 potest
1321 2098 1547 2152 pluribus,
1566 2112 1679 2152 qvae

426 2186 452 2212 a
481 2184 552 2210 me
585 2171 628 2210 in
659 2168 885 2210 Amoenit.
916 2168 1026 2210 Hist.
1059 2167 1179 2209 Eccl.
1226 2168 1275 2210 R.
1308 2167 1359 2210 H.
1391 2165 1610 2207 fasciculo
1641 2167 1678 2208 Ι.

424 2252 547 2280 num.
588 2251 625 2291 3.
668 2235 792 2276 dicta
834 2234 1020 2276 suerunt
1061 2237 1116 2275 de
1161 2234 1358 2288 Capellis
1399 2234 1554 2290 Regiis
1576 2263 1598 2292 ,Ι
1629 2242 1678 2274 et:

422 2307 597 2358 Regum
639 2303 897 2361 Huugariae
942 2302 1212 2355 Capellanis.
1287 2301 1338 2356 q)
1382 2302 1680 2343 Doctissimus

421 2371 631 2427 Pe'terffy
664 2373 720 2412 ad
752 2385 972 2412 canonem
1015 2370 1132 2411 hunc
1165 2370 1430 2410 adnotavit:
1462 2372 1680 2410 Aratrum

419 2441 493 2483 hic
526 2441 652 2489 loci,
693 2439 917 2492 ampliore
958 2451 1089 2478 sensu
1124 2437 1293 2477 debere
1337 2436 1538 2492 intelligi
1570 2465 1585 2485 ,
1626 2445 1680 2476 ut:
1715 2477 1717 2481 ,

418 2517 545 2550 terra
586 2507 805 2549 videlicet
850 2506 1046 2546 duorum
1088 2513 1380 2554 aratrorum,
1425 2504 1677 2545 constituat

417 2576 706 2618 mediocrem
738 2587 908 2630 pagum
929 2603 944 2622 ,
982 2570 1267 2625 voceturqve
1300 2586 1506 2612 mensura
1535 2571 1679 2624 Bega-

422 2647 506 2692 lis,
539 2644 674 2698 idqve
705 2655 750 2683 se
792 2655 847 2684 ex
874 2641 1010 2684 variis
1040 2642 1219 2698 Regum
1264 2639 1412 2682 literis
1444 2639 1679 2689 didicisse,
1710 2639 1714 2641 “

304 2718 312 2748 5
400 2711 593 2754 scribit.
