1779 3128
308 211 375 258 30
762 209 766 214 ’
907 210 1093 230 ⁸-—

307 321 498 372 Abbas.
592 337 665 371 10.
713 321 878 372 Nemo
927 321 991 372 de
1028 323 1278 391 dignitate
1312 323 1679 376 Ecclesiastica

308 405 362 451 in
399 402 613 449 alteram
659 389 1026 462 transferalur,
1077 414 1164 451 aut
1206 404 1269 452 ab
1321 405 1409 453 illa
1444 408 1674 473 depona-

308 492 391 529 tur
428 497 604 540 secus,
645 498 799 546 qvam
825 484 1108 531 secundum
1140 483 1390 533 Canones.
1467 500 1540 535 11.
1567 487 1674 534 Ne-

305 576 393 608 mo
433 563 762 626 coniugatus,
803 562 889 610 fiat
928 561 1230 627 Presbyter,
1268 562 1550 623 Diaconus,
1585 565 1673 612 vel

307 637 703 699 Subdiaconus,
751 642 847 688 nisi
898 658 959 689 ex
1007 657 1258 689 consensu
1306 645 1570 708 coniugis,
1620 661 1672 691 se

306 720 566 767 victurum
621 730 756 767 caste
808 722 1131 786 promiserit,
1180 731 1227 768 et
1276 724 1420 768 uxori
1459 738 1487 769 a
1521 721 1672 770 coha-

249 829 252 833 ·
302 796 555 847 bitatione
603 801 806 864 penitus
856 809 1084 846 remotae
1114 835 1128 858 ,
1179 802 1317 848 iuxta
1368 800 1669 849 facultatem

303 875 369 944 de
405 879 705 925 necessariis
742 877 1047 943 providerit.
1130 893 1203 927 12.
1242 879 1669 944 Presbyterorum

305 933 432 1014 filii,
466 967 831 1021 praeterqvam
870 960 919 1004 in
951 957 1216 1016 claustris,
1256 957 1461 1007 ordines
1499 975 1667 1006 sacros

302 1037 563 1100 suscipere
623 1051 725 1082 non
785 1038 1035 1083 sinantur.
1135 1048 1206 1093 13.
1262 1035 1430 1083 Alieni
1482 1036 1669 1085 Clerioi

303 1114 495 1177 absqve
534 1113 768 1160 formatis
806 1116 1064 1179 suscepti,
1105 1116 1156 1161 in
1192 1115 1580 1180 Episcopatibus
1605 1132 1668 1163 ne
1720 1146 1722 1149 -

302 1192 616 1252 tolerentur3
656 1209 750 1240 nec
788 1192 849 1240 de
889 1204 1091 1240 caetero
1130 1193 1325 1257 absqve
1363 1194 1550 1242 talibus
1587 1212 1667 1243 re-

300 1273 589 1337 cipiantur3
642 1282 691 1318 et
736 1289 799 1318 ex
851 1270 926 1318 his
976 1283 1269 1337 apostatae,
1318 1289 1410 1337 pro
1463 1290 1667 1321 excom-

300 1352 572 1398 municatis
623 1352 879 1415 reputati,
931 1350 1239 1416 praepositis
1277 1353 1411 1409 suiS,
1466 1369 1550 1398 eos
1588 1369 1669 1399 re-

299 1429 620 1493 qvirentibus
668 1427 964 1477 reddantur.
1051 1417 1123 1486 '14
1180 1429 1345 1477 Nemo
1383 1429 1665 1478 Subdiaco-

297 1524 428 1565 nus,
467 1507 760 1564 Diae-onus,
796 1507 880 1554 vel
906 1507 1210 1573 Presbyter,
1253 1511 1360 1555 sine
1397 1505 1545 1556 titulo
1582 1490 1664 1557 or-

299 1586 524 1636 dinetur.
605 1602 677 1646 15.
716 1587 898 1634 Servus
936 1590 1137 1633 nonnisi
1185 1602 1212 1633 a
1252 1586 1475 1634 Domino
1507 1603 1665 1635 manu

297 1669 512 1725 missus,
554 1665 837 1714 ordinetur.
921 1666 991 1715 16.
1029 1665 1226 1730 Bigami
1259 1682 1566 1729 qvocunqve
1605 1669 1659 1714 in

298 1763 480 1804 sensu,
518 1762 545 1793 a
583 1745 864 1811 dignitate,
904 1756 953 1792 et
988 1743 1250 1791 beneficiis
1290 1744 1658 1792 Ecclesiasticis

297 1826 350 1871 in
388 1835 696 1890 perpetuum
744 1822 1094 1875 excludantur.
1184 1836 1256 1882 17.
1295 1822 1663 1871 Conoubinarii

296 1903 530 1970 publici,
579 1903 640 1951 ab
688 1903 860 1949 officio
908 1902 1233 1967 ‹leponuntor
1283 1912 1332 1948 et
1365 1901 1658 1961 Benefici03

296 1983 418 2030 data
456 1981 778 2030 praesulibus
816 1991 1102 2047 potestate,
1140 1980 1252 2028 illos
1289 1991 1499 2046 peracta
1536 1996 1658 2027 con·
1702 1980 1706 1982 ’

297 2061 451 2128 digna
482 2063 830 2127 poenitentia,
869 2062 907 2107 si
945 2063 1114 2108 visum
1151 2062 1222 2107 ita
1260 2059 1446 2116 fuerit',
1486 2057 1656 2106 denuo

293 2141 362 2189 ad
409 2142 749 2188 ministerium
799 2137 1124 2186 admittendi.
1216 2144 1288 2190 18·
1343 2137 1657 2203 Presbyteri,

294 2230 382 2266 aut
416 2220 666 2276 Diaconi,
704 2228 821 2264 ante
844 2254 858 2274 ,
896 2217 981 2263 vel
1018 2228 1131 2283 post
1160 2226 1419 2282 susceptos
1452 2214 1656 2263 ordines

296 2300 605 2363 coniugati,
655 2297 717 2345 ab
765 2297 936 2345 altaris
989 2297 1274 2343 ministerio
1325 2305 1656 2359 separentur3

296 2379 384 2442 qvi
433 2388 604 2425 tamen
655 2386 771 2424 ante
834 2386 1095 2441 susceptos
1141 2372 1344 2421 ordines
1394 2375 1659 2420 iniverunt

1478 2467 1588 2498 ma-

406 2574 706 2614 recitatorum
724 2602 737 2622 ,
767 2581 873 2626 post
900 2572 1035 2615 conc.
1067 2571 1406 2613 Laterannense
1436 2571 1505 2614 IV.
1530 2570 1656 2611 insti-

404 2642 514 2682 tutis
538 2642 724 2682 Vicariis
753 2641 1076 2690 Generalibus,
1106 2641 1359 2695 autoritas,
1388 2647 1548 2694 sponte
1576 2651 1655 2680 sua
1724 2662 1730 2666 -

402 2709 603 2751 debebat
634 2709 854 2752 imminui.
