1779 3128
669 224 856 240 “·““-·“·“·
1357 223 1442 268 141

76 349 224 404 gatus
269 338 503 400 insuper,
554 349 617 381 ne
669 350 850 382 census
902 333 1297 393 Cathedratici‚
1359 332 1453 382 ob-

77 419 350 465 ventiones
400 417 523 461 item
573 412 1023 479 Praepositorum,
1078 427 1127 464 et
1179 412 1453 464 Archidia-

79 512 324 546 conorum
350 531 364 552 ‚
414 495 667 542 Ministris
708 493 1124 563 ‘acatholicorum
1161 495 1450 560 obtingant.

75 591 124 636 5.
162 573 391 640 Rogatur
424 585 728 640 praeterea,
777 586 827 622 ut
865 573 1142 640 providere
1192 575 1454 640 dignetur,

77 672 140 704 ne
178 657 229 700 in
270 653 591 702 decimarum
637 653 1114 702 Ecclesiasticarum
1161 656 1455 720 perceptio-

75 750 174 790 ne,
212 750 305 799 pet·
342 734 632 781 saeculares
681 731 918 780 dominos
968 733 1343 799 impedimenta
1396 733 1456 780 fi-

76 826 181 862 ant.
254 815 298 860 6.
339 813 660 861 Beneficium
692 813 1130 871 Ecclesiasticum‚
1159 823 1276 860 ante
1303 828 1458 877 qvat-

76 904 185 941 tum
227 910 284 940 ac
323 893 585 940 decimum
625 894 806 941 aetatis
843 909 1068 951 annum,
1107 895 1301 940 nemini
1338 907 1459 940 con-

79 972 305 1029 seratum
343 990 438 1020 nec
473 976 569 1021 nisi
601 991 770 1021 mores
809 973 1027 1039 probos,
1062 971 1460 1036 doctrinamqve

79 1055 282 1100 muneri
313 1070 401 1100 suo
431 1056 775 1101 necessariam
802 1054 1106 1120 possidenti.
1179 1051 1460 1119 Exspecta·

77 1131 198 1180 ti'vis
236 1135 441 1197 gratiis,
481 1150 574 1199 per
609 1131 976 1182 Tridentinam
1016 1131 1285 1200 Synodum
1321 1133 1459 1185 veti-

79 1214 174 1273 tis,
211 1211 382 1259 nullus
422 1224 530 1260 esto
570 1212 729 1262 locus,

640 1379 689 1451 ς.
762 1384 899 1434 Lvi.

285 1530 425 1605 Cap.
483 1532 556 1589 V.
641 1534 735 1589 De
779 1531 946 1612 υἱείτ.
993 1532 1244 1591 Arclzid.

221 1705 388 1771 Caput
431 1707 668 1768 qvintum
707 1704 976 1755 decernit:
1019 1722 1060 1756 1.
1097 1718 1151 1755 ut
1189 1707 1461 1758 Arc-hidia-

85 1800 242 1833 conus
279 1785 424 1832 dotes
467 1783 654 1833 habeat
689 1788 1019 1835 necessarias.
1090 1788 1333 1854 invigilet
1370 1790 1466 1838 Pa-

84 1863 274 1912 rochiis
313 1880 466 1911 curae
504 1880 625 1912 suae
664 1865 869 1913 creditis
898 1902 912 1924 ,
962 1865 1156 1931 hasqve
1193 1872 1469 1919 annuatim

87 1942 237 1991 obeat
260 1959 273 1998 ς
300 1935 364 1990 'id
401 1944 570 2007 ipsum
609 1942 691 1990 hic
743 1947 1026 2011 imponitur
1063 1946 1467 2008 Archi-Abbati,

89 2025 377 2086 ceterisqve
429 2022 738 2089 praepositis
769 2062 783 2081 ,
854 2024 1038 2088 qvibus
1087 2037 1162 2074 est
1212 2026 1467 2093 obligatio

87 2099 354 2150 visitandi.
459 2118 503 2151 2.
576 2101 957 2152 Archidiacono
1003 2108 1261 2154 visitatori
1310 2107 1465 2156 detur

87 2182 351 2228 instructio
382 2218 398 2240 ‚
481 2179 731 2245 qvidnam
817 2184 1234 2251 investigandum
1308 2186 1469 2236 habe-

88 2269 140 2306 at
194 2259 258 2306 de
310 2263 369 2306 iis
406 2297 443 2320 ,Α
484 2277 616 2324 qvae
678 2266 728 2308 in
781 2262 1010 2311 Ecclesia
1065 2277 1272 2330 praesto
1328 2283 1469 2316 esse:

90 2352 149 2384 ac
184 2348 290 2385 tam
338 2341 390 2385 in
435 2338 568 2398 hac,
624 2357 782 2405 qvam
830 2344 967 2390 circa
1017 2343 1202 2403 illam,
1252 2347 1335 2412 agi
1370 2362 1471 2412 per

91 2403 375 2464 Parochum
426 2417 634 2470 debent.
735 2418 1207 2488 Circa'personam
1258 2442 1470 2490 qvoqve

92 2493 323 2543 parochi.
406 2496 650 2563 Deniqve
699 2504 837 2549 circa
891 2501 1254 2554 Parochianos.
1327 2502 1472 2571 Qvid

86 2574 218 2637 *item
255 2575 306 2621 in
342 2573 467 2623 locis
504 2577 732 2628 Parocho
770 2581 1042 2633 destitutis,
1125 2584 1301 2649 Atqve
1339 2583 1470 2633 haec

92 2654 264 2700 omnia
294 2688 310 2714 ,
360 2666 617 2720 postremo
667 2658 1001 2712 decretorum
1036 2663 1190 2727 Ιοσο,
1240 2668 1473 2731 exposita

1289 2746 1404 2794 fne-
