1779 3128
290 207 386 254 230
428 195 431 198 ’
878 201 1061 233 .-.“““““““““-..

283 317 410 366 bita.
489 327 571 374 31.
609 313 961 365 Deambulare
999 318 1049 364 in
1086 315 1281 384 templo
1316 314 1649 384 prohibitum.

276 409 357 453 32.
396 395 452 441 In
483 392 794 443 Civitatibus
817 431 832 454 ,
893 406 943 444 et
979 396 1090 443 aliis
1129 396 1526 463 opulentioribus
1563 397 1638 444 lo·

282 476 384 530 cis,
421 482 538 520 ante
577 471 961 522 Sanctissimam
1000 475 1374 524 Eucharistiam
1398 513 1413 535 ,
1451 475 1656 540 lampas
1720 489 1722 491 ’

283 567 500 599 accensa
549 562 797 601 servetur.
882 568 964 612 33.
1016 553 1193 603 Nullus
1246 556 1456 603 alterius
1496 554 1651 601 Paro-

282 629 566 689 chianum,
619 634 716 679 nisi
767 630 830 680 de
888 637 1099 682 rectoris
1154 637 1233 681 sui
1279 634 1488 681 licentia
1519 670 1534 692 ,
1590 633 1655 680 ad

282 713 692 758 communionem
724 715 959 779 recipiat.
1030 726 1111 771 34.
1149 714 1328 759 Inania
1355 724 1658 760 ornamenta

283 789 550 849 altarium,
590 801 639 838 et
677 793 939 857 signanter
975 791 1216 851 frondes,
1267 793 1520 856 imagines
1563 791 1655 838 ob-

280 879 543 934 tegenteS,
591 881 910 920 amoventor.
996 885 1076 930 35.
1127 872 1464 918 Seminarium
1496 906 1510 928 ,
1567 886 1655 919 seu

280 947 459 995 schola
497 946 843 1008 Clericorum,
882 952 1116 998 omnibus
1154 953 1283 1016 piis,
1336 961 1385 997 et
1423 965 1658 1015 praeser—
1735 1011 1737 1016 ‚

282 1030 377 1075 tim
414 1027 806 1088 Sacerdotibus,
853 1029 1276 1078 commendatum
1322 1046 1428 1077 esse
1485 1027 1657 1077 debet.

282 1106 364 1163 36.
405 1105 583 1154 Nullus
623 1107 910 1167 plebanus,
957 1110 1149 1174 absqve
1199 1108 1445 1156 facultate
1487 1108 1658 1157 Reve-

283 1182 607 1244 rendissimi,
644 1186 802 1234 libros
833 1186 1210 1237 haereticorum
1238 1177 1409 1254 legat,
1449 1198 1536 1234 aut
1567 1185 1657 1233 do-

284 1265 357 1310 mi
394 1280 515 1311 suae
554 1263 745 1313 habere
781 1278 1090 1332 praesumat.
1162 1268 1336 1325 Haeo,
1359 1268 1498 1332 ·'2psis
1537 1282 1658 1312 con-

281 1344 607 1392 stitutionum
640 1345 812 1393 verbis
840 1348 1096 1415 expressi,
1133 1357 1286 1412 prout
1325 1345 1414 1392 illa
1441 1343 1656 1402 dudum,

283 1439 312 1469 e
350 1420 592 1487 Pragensi
642 1427 781 1490 typis
838 1425 975 1475 edito
1028 1425 1313 1490 exemplari
1371 1422 1657 1488 descripse-

284 1516 431 1559 ram,
469 1516 526 1548 ac
563 1506 734 1567 prouti
772 1502 907 1571 apud
959 1504 1073 1554 RR.
1110 1502 1425 1569 Stephanum
1466 1501 1658 1550 Schen-

283 1582 458 1628 ‘visner
492 1580 749 1646 leguntur.
785 1584 865 1646 m)
936 1581 1143 1638 Additis
1170 1582 1527 1631 tantummodo
1566 1598 1655 1629 nu·

284 1662 470 1722 rneriS,
505 1671 560 1710 ut
597 1661 757 1710 oculis
797 1661 951 1711 lectio
984 1665 1151 1711 minus
1189 1661 1377 1713 evadat
1417 1660 1654 1709 molesta„

827 1791 878 1862 ς.
948 1794 1108 1846 xcv,

818 1917 1118 1992 Seqvelae.

419 2037 569 2089 Sexto
604 2047 719 2104 post
771 2047 938 2084 actam
985 2033 1247 2102 Synodum
1283 2031 1464 2092 xann0,
1518 2033 1653 2082 cala-

283 2133 426 2166 mum
477 2120 611 2165 acuit
658 2117 831 2165 Petrus
885 2114 1183 2180 Beregszazi
1215 2151 1229 2172 ,
1285 2112 1651 2161 Varadinensis

282 2194 344 2243 V.
382 2195 446 2243 D.
484 2196 729 2244 Minister
752 2232 767 2254 ,
815 2195 1119 2243 Helveticae
1157 2191 1391 2240 addictus
1432 2191 1650 2239 Confes-

283 2276 447 2335 sioni;
483 2285 650 2323 motus
699 2276 999 2340 praesertim
1051 2275 1280 2321 oratione
1314 2269 1558 2337 Synodali
1597 2270 1653 2318 P.
1728 2267 1735 2275 “

271 2352 451 2401 -Marci
495 2353 749 2412 Pitacich,
788 2352 995 2402 scholae
1042 2352 1308 2407 Rectoris,
1349 2361 1398 2397 et
1437 2349 1653 2397 Concio-

282 2434 475 2480 natoris
509 2434 560 2480 in
600 2434 812 2481 civitate
847 2432 1136 2480 Sabariensi
1160 2466 1175 2487 ,
1212 2431 1510 2493 ceteroqvin
1547 2428 1651 2476 Re-

282 2509 453 2576 ligiosi
489 2529 515 2559 e
553 2510 803 2561 Societate
838 2509 978 2598 Jesu.
1065 2509 1164 2574 Qvi
1201 2511 1253 2556 in
1293 2511 1385 2557 ista
1424 2506 1651 2573 Synodo,

1420 2604 1580 2656 usqve

339 2711 409 2769 m)
442 2712 526 2756 Cit.
557 2710 670 2756 alias
703 2725 873 2767 opere,
905 2723 1010 2770 pag.
1042 2723 1137 2767 302.
1171 2724 1295 2765 seqq.

1736 2587 1748 2853 l

1734 2878 1747 3128 Ψ,

1740 2986 1756 3128 ι
