1779 3128
310 185 403 245 236
900 195 1087 227 2²²-

833 299 884 373 5.
953 306 1145 358 xcix,

381 424 521 499 Cap.
564 423 653 480 IL
696 422 766 480 de
807 423 1028 498 Benefl
1074 427 1192 483 obt.
1235 446 1292 483 υ.
1336 427 1564 503 νεειζξη.

439 557 607 625 Caput
645 557 865 607 alterum
902 557 1094 624 Synodi
1132 558 1277 607 huius
1300 596 1314 619 ,
1359 559 1421 608 de
1469 561 1676 610 Benefi-

302 640 501 686 ciorum
547 637 1023 687 Ecolesiasticorum
1077 637 1386 703 adeptione,
1439 658 1498 689 ac
1545 646 1675 691 resi-

305 719 549 783 gnatione
601 727 828 765 tractans
863 753 879 776 ,
943 727 994 765 et
1038 732 1329 782 provocans
1381 731 1676 770 constanter

303 794 371 844 ad
424 794 705 844 decisiones
758 794 1141 854 Tridentinas,
1189 795 1449 844 decernit:
1507 813 1552 847 1.
1608 799 1679 848 Ut

305 892 458 923 nemo
507 873 804 922 Parochiam
841 876 1127 940 suscipiat,
1176 874 1265 922 vel
1299 873 1525 923 dimittat
1563 877 1676 925 abs-

304 971 403 1020 qve
445 969 694 1002 consensu
733 951 995 1001 Ordinarii
1032 953 1119 1000 vel
1155 953 1348 1002 Vicarii
1372 991 1387 1014 ‚
1428 955 1520 1004 sub
1553 972 1678 1021 poe·
1723 942 1740 981 ff

304 1050 371 1083 na
408 1034 786 1098 suspensionis,
823 1032 1027 1096 aliaqve
1065 1031 1365 1091 arbitraria,
1402 1050 1494 1100 per
1528 1034 1682 1082 alte-1·-

306 1123 478 1160 utrum
537 1109 882 1160 decernenda.
974 1127 1018 1160 2.
1076 1111 1282 1161 Patroni
1332 1111 1681 1162 Beneficia'tos

310 1190 595 1240 Ordinario
642 1201 976 1257 praesentare
1013 1189 1337 1256 obligentur3
1391 1191 1682 1241 obtinentes

308 1282 483 1319 autem
523 1271 586 1320 ab
622 1270 698 1319 his
736 1263 1093 1328 Beneficitim,
1131 1272 1490 1331 intra-mensis,
1528 1273 1678 1318 unius

310 1353 533 1417 spatium
564 1387 579 1409 ,
637 1361 816 1416 petere
868 1344 1266 1396 institutionem'
1303 1347 1494 1396 debent
1523 1385 1537 1407 ,
1591 1349 1684 1396 sub

308 1446 479 1498 poena
527 1428 867 1477 inhabilitatis
922 1426 988 1476 ad
1037 1428 1174 1476 idem
1211 1428 1536 1475 Beneficium
1589 1428 1684 1478 ali-

313 1508 520 1572 qvando
557 1506 871 1557 habendum.
960 1521 1007 1566 3.
1047 1506 1146 1555 Sub
1183 1522 1352 1572 poena
1389 1523 1684 1556 excommu-

309 1591 582 1637 nicationis
621 1600 670 1636 et
707 1586 1044 1636 inhabilitatis
1083 1586 1149 1647 and
1186 1586 1544 1644 Beneficium,
1598 1602 1684 1634 cu·

313 1670 391 1716 ius
428 1683 580 1715 causa
622 1678 832 1733 pactum
884 1677 959 1715 est
1013 1668 1197 1713 initum
1226 1701 1241 1723 ,
1293 1675 1499 1712 vetatur
1546 1661 1685 1712 istud

316 1750 432 1796 iniri
482 1764 598 1795 cum
651 1747 869 1794 Patrono
928 1756 1145 1811 propte-r
1199 1744 1498 1791 electionem
1530 1779 1544 1801 ‚
1597 1759 1685 1790 seu

310 1828 799 1894 praesentationem.
869 1839 916 1882 4.
947 1824 1239 1891 Suscipiens
1270 1822 1685 1871 Ecclesiasticum

314 1906 678 1970 qvalecunqve
729 1904 1088 1963 Beneficium,
1138 1901 1260 1950 fidei
1308 1900 1685 1965 professionem

315 1985 488 2032 eliciat
518 2021 533 2043 .,
582 2000 752 2031 coram
803 1983 1114 2040 Ordinario‚
1161 1980 1248 2028 vel
1297 1979 1500 2026 Vicario
1553 1981 1686 2027 eius-

316 2062 453 2112 dem.
528 2064 664 2111 Dein
701 2060 918 2110 iurando
962 2064 1070 2108 iure
1105 2070 1267 2107 semet
1303 2058 1585 2123 obstringat
1623 2054 1688 2106 ad

316 2143 670 2191 obedientiam
729 2143 1069 2189 canonicam:
1128 2137 1194 2186 ad
1245 2137 1505 2186 Ecclesiae
1559 2153 1681 2185 suae

317 2225 427 2271 iura
473 2240 568 2288 pro
628 2222 820 2270 viribus
863 2215 1256 2268 conservanda:
1304 2228 1411 2264 tum
1469 2214 1533 2263 ad
1582 2233 1684 2263 non

318 2300 591 2349 alienanda
617 2338 632 2361 ,
680 2300 767 2348 vel
800 2295 1227 2370 oppignoranda,
1281 2311 1414 2359 qvae
1452 2292 1518 2341 ad
1552 2293 1694 2342 hanc·

318 2391 587 2447 spectant,
643 2382 767 2443 qvin
816 2381 983 2444 potius
1031 2375 1097 2424 ad
1134 2391 1236 2434 ea,
1293 2389 1422 2436 qvae
1472 2373 1686 2421 fuissent

321 2462 537 2517 amissa,
587 2458 675 2506 vel
710 2459 1088 2523 impignorata,
1146 2464 1395 2517 qvantum
1443 2469 1546 2519 per,
1571 2451 1686 2500 illos

323 2538 525 2595 stabit,
581 2533 954 2602 recuperanda.
1056 2532 1305 2596 Seqvatur
1355 2530 1689 2597 postmodum

322 2616 631 2667 Beneficiati
668 2616 1016 2675 introductio,
1067 2628 1223 2676 qvam
1259 2609 1687 2671 ArchidiaconuS,

1541 2687 1628 2738 vel
