1779 3128
1361 111 1461 156 z25

85 225 281 269 minime
315 220 664 266 abstinendum
690 221 1019 266 iudicavimus
1033 238 1056 267 .·
1090 222 1324 276 maxime,
1349 237 1458 266 cum

85 303 145 348 id
176 302 238 347 ab
274 299 544 344 ordinariis
580 299 802 344 locorum
851 301 1146 360 Episcopis,
1185 298 1459 346 Sacrosan·

87 390 171 427 cta
213 379 260 424 Τ
255 379 506 423 ridentina
533 375 768 438 Synodus
802 379 1026 437 inprimis
1064 382 1273 442 exigat,
1310 389 1360 425 et
1387 382 1459 442 ef·

69 456 301 521 flagitet.
369 456 549 515 Itaque
593 458 855 502 accedente
891 460 1040 502 etiam
1086 459 1454 505 Venerabilium

79 539 318 584 Fratrum
366 545 687 591 nostrorum,
736 539 883 582 lzuius
924 539 1241 584 Cathedralis
1280 541 1455 585 Eccle-

78 620 186 662 siae
232 624 435 661 nostrae
485 617 707 674 Capituli
760 617 975 660 Consilio
1004 649 1019 674 ,
1070 618 1142 660 ad
1184 620 1456 665 secundum

79 696 207 741 diem
231 697 456 756 proximi
476 697 656 740 mensis
685 696 936 756 Augusti,
975 697 1059 757 qvi
1088 697 1185 740 erit
1213 698 1317 742 dies
1345 698 1458 744 Do-

78 777 290 823 minicus
310 808 325 832 ,
358 776 595 834 septimus
620 776 668 820 in
704 775 875 818 ordine
890 791 912 832 ‚·
951 776 1031 819 hic
1055 773 1316 831 Sabariae,
1344 776 1460 823 Deo

78 856 303 910 volente,
354 857 403 900 in
441 855 621 914 templo
674 853 932 913 Deiparae
972 854 1199 915 Virginis
1234 855 1454 911 Matris,

78 933 337 997 Synodum
363 934 725 979 Dioecesanam
754 934 1094 985 indicendam,
1132 942 1182 978 et
1203 935 1454 980 celebran-
1484 943 1490 947 '

76 1015 193 1059 dam
230 1016 501 1059 duximus:
536 1030 677 1075 qvam
708 1028 798 1074 per
843 1015 993 1058 hasce
1037 1014 1214 1058 literas
1249 1023 1456 1061 nostras

75 1095 374 1150 indicimus,
417 1102 466 1136 et
506 1093 847 1138 celebrandam
884 1093 1214 1152 publicamus.
1285 1094 1453 1140 Idcir-

76 1189 137 1218 co
170 1174 414 1217 universis
446 1174 494 1217 in
538 1174 736 1217 Christo
752 1173 1018 1232 fratribus
1055 1176 1261 1228 nostris,
1297 1175 1457 1221 Reve-

73 1239 246 1299 rendis
275 1268 336 1296 ac
372 1251 751 1296 Venerabilibus
786 1251 916 1298 DD.
954 1252 1259 1308 Abbatibus,
1293 1255 1454 1300 Prae-

72 1334 288 1394 positis,
327 1330 596 1386 Plebam's,
638 1331 968 1388 Capellarum,
1006 1341 1055 1376 et
1092 1334 1348 1377 Altarium
1381 1351 1454 1378 re-

76 1410 332 1465 ctoribus,
382 1410 586 1471 aliisque
618 1410 978 1468 Beneficiatis,
1040 1413 1089 1456 in
1125 1414 1220 1456 lzac
1274 1422 1451 1459 nostra

75 1490 313 1537 Dioecesi
349 1488 600 1534 [auriensi
640 1490 971 1534 existentibus
1007 1499 1056 1534 et
1092 1494 1446 1537 commoranti-

74 1569 186 1624 bus,
221 1569 450 1629 nobisque
471 1570 726 1613 ordinario
744 1601 758 1624 ,
794 1577 842 1612 et
866 1568 1179 1614 Dioecesano
1211 1572 1319 1615 iure
1338 1571 1452 1615 sub-

73 1651 248 1704 iectis,
283 1662 372 1708 per
408 1651 555 1692 hasce
594 1649 768 1692 literas
798 1656 1031 1705 nostras,
1073 1652 1233 1705 serio,
1273 1659 1321 1694 et
1355 1650 1448 1695 sub

71 1727 411 1773 anathematis
440 1742 601 1785 poena
626 1727 857 1771 districte
878 1730 1222 1788 praecipiendo
1246 1731 1450 1774 manda-

69 1823 211 1863 mus,
250 1816 306 1850 ut
342 1807 413 1851 ad
437 1807 804 1865 praescriptum
832 1807 959 1851 diem
995 1816 1043 1852 et
1078 1808 1238 1852 locum
1259 1839 1274 1861 ‚
1310 1809 1449 1854 salu-

71 1896 208 1932 tares
232 1886 521 1941 doctrinas,
560 1894 609 1929 et
641 1887 1018 1932 exhortationes
1049 1888 1306 1945 audituri,
1345 1905 1448 1934 mo-

69 1982 124 2012 re
157 1967 432 2026 antc'qvitus
464 1973 664 2010 servato
683 2000 698 2022 ,
738 1967 901 2011 venire
921 2000 936 2021 ,
976 1975 1024 2010 et
1053 1983 1334 2026 comparere
1365 1969 1446 2012 de-

70 2045 254 2103 beant,
303 2054 352 2089 et
398 2053 677 2090 teneantur.
764 2046 926 2091 Aliud
972 2046 1064 2090 sub
1108 2062 1267 2105 poena
1295 2063 1443 2107 prae-

69 2127 260 2184 scripta
286 2141 380 2169 non
403 2124 625 2185 facturi.
697 2123 894 2170 Datum
926 2123 1195 2180 Sabariae,
1226 2128 1442 2171 secundo

70 2205 149 2249 die
180 2205 360 2249 mensis
393 2203 548 2261 Iulii,
598 2220 726 2249 anno
756 2203 972 2250 Domini
1024 2215 1160 2265 1579.
1198 2200 1261 2264 h)
1349 2204 1443 2270 Sy-

1249 2282 1374 2331 nodi
1430 2286 1438 2291 “

127 2388 554 2454 h)*Descripseram
595 2401 707 2443 haec
748 2400 858 2442 olim
900 2402 947 2441 in
994 2401 1285 2446 Bibliotheca
1338 2402 1444 2445 826:-

185 2463 439 2520 che'nyiana
461 2471 738 2513 Czenkiensi.
787 2470 1088 2511 Postmodum
1108 2482 1260 2514 autem
1281 2473 1436 2527 reperi

185 2534 361 2589 ap.RR.
385 2535 683 2581 Schonvisner
712 2553 783 2593 op.
804 2540 1013 2595 superius
1039 2541 1180 2584 citato
1211 2556 1316 2600 pag.
1341 2553 1437 2596 298.

675 2661 678 2663 Α
741 2610 780 2657 Ρ
