1779 3128
295 169 395 231 316
911 179 1097 216 Ξ...-

781 287 831 361 §.
900 291 1215 348 cxxxvn.

465 452 952 532 Szelepclze'nyii,
997 468 1057 514 et
1097 454 1509 536 Efitterlza'zy.

439 640 693 709 Georgius
731 661 941 708 qvoqve
991 643 1403 711 Szelepche'nyi,
1448 663 1565 695 cum
1601 662 1680 694 re-

304 723 486 771 citatas
526 723 650 771 alibi
688 722 967 773 Gallorum
1003 727 1415 792 propositiones,
1468 724 1682 773 damna·

303 813 416 861 ret,
454 818 659 871 sperare
697 820 749 851 se
783 803 1086 867 inqviebat,
1125 820 1238 852 eam
1266 804 1561 871 Hungariae
1595 821 1684 870 pa-

306 898 421 929 cem
458 898 488 929 a
526 881 640 928 Deo
691 883 1080 931 concedendam
1111 920 1126 944 ,
1174 895 1231 931 ut
1263 887 1551 933 Nationalis
1588 885 1684 949 Sy-

307 965 469 1010 nodus
519 980 610 1009 sao
655 973 872 1023 tempore
923 966 1214 1012 celebretur,
1262 961 1323 1026 h)
1395 961 1683 1012 Meditatus

222 1058 224 1060 ’
305 1052 417 1088 erat
454 1039 620 1098 hanc,
660 1051 748 1088 aut
788 1040 1194 1102 provincialem,
1245 1041 1512 1093 Emericus
1567 1041 1686 1091 ΕΓΖ-

304 1119 524 1186 terhazy
561 1119 624 1168 de
682 1118 977 1181 Galantha,
1030 1121 1458 1189 Archiepiscopus
1497 1122 1685 1188 Strigo-

302 1201 522 1258 niensis,
560 1210 611 1248 et
649 1200 789 1248 Sacri
826 1200 1057 1254 Romani
1087 1201 1297 1268 Imperii
1331 1201 1589 1267 Princeps,
1626 1200 1682 1263 i)

304 1278 402 1328 Ille
440 1281 686 1342 inqvam,
723 1280 1019 1339 EmericUS,
1062 1283 1149 1344 qvi
1187 1280 1388 1329 Comite
1426 1281 1683 1339 Emerico‚

307 1375 440 1407 anno
487 1360 629 1418 1663.
679 1358 764 1408 die
826 1374 899 1421 17.
948 1360 1252 1409 Decembris
1305 1371 1488 1418 natuS,
1544 1370 1687 1426 post-

309 1455 469 1504 qvam
516 1440 694 1488 literas
754 1442 1127 1490 mansvetiores
1178 1438 1514 1497 Tirnaviae,
1573 1449 1684 1488 tum

305 1519 547 1585 Sopronii
599 1517 994 1579 condidicerat,
1047 1536 1182 1568 anno
1237 1520 1376 1573 1680.
1415 1518 1686 1567 Paulinum
1731 1578 1735 1590 ι

309 1597 558 1647 Ordinem
619 1611 695 1647 est
747 1602 1050 1664 ingressus3
1103 1610 1258 1664 atqve
1321 1598 1685 1647 sacratioribus

302 1678 467 1726 literis
518 1678 716 1728 Romae
772 1677 840 1726 ad
905 1678 953 1727 S.
1003 1678 1361 1744 Apollinarem
1420 1679 1686 1743 insigniter

305 1758 562 1817 imbutUS,
603 1757 743 1806 domi
779 1770 962 1824 postea
998 1756 1382 1824 Philosophiam
1417 1768 1468 1806 et
1505 1755 1684 1811 Theo-

305 1837 500 1903 logiam
538 1855 654 1886 suos
694 1837 898 1897 docuit,
948 1855 1084 1886 anno
1141 1852 1280 1898 1702.
1320 1836 1592 1885 Generalis
1629 1853 1687 1883 u-

306 1919 499 1968 niversi
552 1917 759 1966 Ordinis
822 1917 1087 1968 salutatus.
1173 1917 1304 1966 Mox
1354 1932 1487 1963 anno
1543 1915 1684 1976 1706.

307 1996 472 2045 factus
510 1997 721 2045 Praesul
769 1996 1068 2056 Vaciensis,
1117 2011 1249 2045 anno
1301 2002 1441 2056 1708.
1493 1994 1685 2061 Zagra-

304 2076 524 2134 biensis,
575 2087 625 2124 et
673 2093 805 2124 anno
859 2090 1001 2135 1723.
1047 2076 1444 2142 Vesprimiensis
1476 2110 1492 2132 ,
1540 2073 1687 2122 bien-

307 2159 394 2204 nio
429 2167 586 2223 post,
637 2155 716 2204 die
768 2170 846 2216 25.
899 2156 1124 2204 Ianuarii
1172 2157 1465 2203 nominatus
1518 2151 1683 2201 Aulae

309 2235 509 2300 Regiae
562 2235 948 2294 Cancellarius,
1002 2247 1156 2298 atqve
1206 2235 1387 2282 eodem
1426 2249 1559 2279 anno
1599 2232 1685 2279 die

308 2318 477 2381 prima
517 2315 858 2382 Septembris,
896 2315 961 2363 ad
992 2312 1333 2379 Metropolim
1369 2311 1684 2376 Strigonien-

311 2411 421 2443 sem
465 2407 747 2462 promotus,
825 2395 976 2444 Anno
1030 2399 1168 2454 1738.
1218 2389 1302 2439 die
1343 2405 1417 2449 15.
1459 2389 1686 2437 Februa·

1539 2486 1618 2527 rn,

367 2632 422 2685 h)
454 2633 572 2674 Ibid.
605 2645 709 2688 pag,
738 2641 833 2685 447.
901 2629 948 2684 i)
988 2629 1099 2671 Vide
1139 2630 1401 2684 Prayanum
1433 2626 1678 2670 elenchum

423 2700 821 2745 Cancellariorum
840 2729 855 2750 ,
887 2708 936 2741 et
964 2701 1012 2742 V.
1044 2698 1456 2743 Cancellariorum.
