1779 3128
705 183 885 199 .-....
1387 178 1474 230 ‚35

603 288 652 360 ς.
724 293 963 341 Lxxvi.

413 439 810 517 Proseqvatio
853 440 940 496 ad
959 439 1166 510 finem.
1211 513 1217 518 ι

240 615 407 683 Caput
447 631 523 672 24.
560 618 807 682 praecipit
846 612 1162 679 qvibuslibet
1195 612 1479 662 Beneficia-

106 699 202 755 tis,
241 708 293 746 ut
333 696 467 744 infra
518 713 604 743 sex
642 711 871 751 menses,
919 709 946 740 a
990 704 1233 758 prasente
1271 692 1478 741 decreto

108 775 508 842 computandos,
547 774 758 823 redeant
798 775 861 821 acl
892 788 1001 820 suas
1029 771 1315 829 Ecclesias‚
1358 772 1480 820 alio·

109 860 235 920 qvin
286 860 397 922 ipso
448 872 557 903 iure
609 870 637 902 a
684 853 945 902 Beneficio
995 851 1372 918 suspendendi3
1430 863 1479 899 et

105 952 329 1002 poenam
368 934 499 982 hanc
535 952 628 1002 per
663 950 895 982 mensem
934 942 1356 989 contemnentes,
1395 948 1481 979 eo-

108 1014 227 1063 dem
278 1015 535 1081 privandi.
643 1029 720 1073 25.
772 1013 1073 1062 Beneficiati
1121 1009 1379 1059 resideant
1431 1014 1482 1059 in

106 1098 368 1161 personis,
408 1111 510 1141 non
548 1111 640 1160 per
669 1092 994 1159 Capelianos.
1067 1090 1184 1139 Non
1223 1091 1480 1154 obseqvu·

94 1170 206 1236 'turi
244 1184 415 1220 autem
443 1173 560 1221 huic
591 1173 828 1228 decreto,
867 1171 1097 1219 eiusdem
1132 1173 1349 1237 vigore,
1390 1170 1481 1219 be-

104 1252 291 1300 neficio
326 1256 605 1317 privantur.
679 1252 756 1299 26.
798 1251 990 1299 Svadet
1020 1262 1330 1300 testamenta
1361 1267 1482 1298 con-

106 1329 158 1378 di
195 1331 554 1397 praesentibus
592 1329 834 1378 Parochis
859 1368 872 1388 ‚
913 1331 1000 1378 vel
1038 1330 1353 1397 Capelianis.
1404 1330 1482 1378 Sic

105 1422 279 1459 autem
329 1411 441 1458 fieri
490 1409 646 1469 haec,
695 1409 1076 1475 impedientes,
1129 1412 1482 1458 excommuni-

105 1500 294 1538 cantur.
340 1489 564 1538 Subiecit
595 1505 722 1536 vero
751 1489 863 1538 huic
891 1488 1101 1538 decreto
1124 1490 1330 1538 Praesul
1355 1489 1480 1536 Bor-

105 1568 357 1617 nemisza:
394 1581 670 1636 eapropter
705 1569 833 1618 illud
865 1570 1058 1618 editum
1102 1586 1242 1627 esse,
1280 1586 1344 1616 ne
1373 1585 1482 1616 ma-

105 1648 242 1705 litia,
290 1648 376 1695 vel
425 1651 711 1714 ignorantia
759 1667 848 1697 seu
893 1651 1168 1708 testantis,
1217 1665 1306 1696 seu
1354 1665 1481 1696 vero

105 1729 562 1787 interessatorum,
596 1731 762 1777 minus
801 1741 972 1787 recte,
1011 1745 1162 1793 qvam
1197 1745 1292 1795 par
1330 1739 1481 1786 esset,

105 1808 170 1855 de
207 1808 356 1855 rebus
397 1807 734 1875 disponatur,
789 1826 902 1856 cum
938 1826 1114 1877 eorum
1154 1825 1364 1872 qvoqve
1404 1811 1480 1856 in-

103 1889 230 1935 iuria
283 1887 456 1935 forsan
485 1925 499 1947 ,
553 1888 737 1952 qvibus
789 1890 1037 1936 restitutio
1087 1888 1198 1936 fieri
1248 1886 1480 1937 deberet.

103 1966 238 2014 Hinc
289 1965 486 2015 addidit
531 1970 647 2032 pius
698 1967 944 2016 Praesul:
995 1970 1137 2018 Sciat
1179 1972 1339 2033 igitur
1375 1971 1480 2015 Re-

105 2058 246 2106 ctor‚
285 2050 363 2094 vel
395 2048 715 2104 Sacellanus‚
758 2051 1072 2110 praeclusam
1119 2065 1222 2095 esse
1257 2049 1349 2094 sub
1385 2051 1481 2095 lzac

91 2119 303 2174 *ratione
339 2131 499 2186 viam,
537 2146 595 2174 ne
628 2138 980 2175 testamentum
1024 2131 1187 2190 possit
1218 2146 1311 2189 pro
1348 2130 1480 2174 arbi-

107 2216 250 2253 tratu
284 2224 406 2264 suo,
458 2210 528 2254 ad
564 2211 821 2269 proprium
867 2225 1010 2254 suum
1060 2211 1378 2254 commodum·
1404 2210 1481 2254 in-

104 2290 332 2332 stituere.
406 2287 676 2334 Desideria
706 2290 896 2351 egitur,
936 2298 986 2334 et
1013 2305 1188 2334 manus
1209 2290 1479 2349 plurimum

108 2368 362 2410 contineat
395 2385 426 2412 a
461 2368 602 2413 bonis
642 2370 741 2414 illis
770 2404 784 2424 ,
836 2377 884 2413 et
928 2369 1088 2414 solum
1134 2378 1273 2414 curet
1311 2385 1479 2414 coram

106 2443 255 2500 Deo,
294 2463 352 2490 ne
381 2448 430 2492 in
470 2464 523 2492 eo
564 2457 865 2494 testamento
889 2448 998 2515 fiat
1031 2451 1315 2512 qvia-qvam,
1352 2450 1486 2510 qvod

104 2524 175 2568 sic
210 2525 422 2570 alienum
458 2544 488 2571 α
524 2530 629 2574 viro
672 2531 975 2575 Christiano,
1062 2540 1139 2586 27.
1177 2525 1476 2590 Exeqvuto-

105 2618 185 2650 res
224 2602 436 2652 ultimae
481 2603 802 2666 voluntatiS‚
851 2604 1137 2669 haeredeS‚
1186 2616 1236 2655 et
1290 2605 1377 2653 alii
1416 2607 1488 2654 si«-

1314 2702 1410 2734 mi·
