<?xml version="1.0" encoding="UTF-8"?>
<!DOCTYPE html PUBLIC "-//W3C//DTD XHTML 1.0 Transitional//EN"
    "http://www.w3.org/TR/xhtml1/DTD/xhtml1-transitional.dtd">
<html xmlns="http://www.w3.org/1999/xhtml" xml:lang="en" lang="en">
 <head>
  <title>
</title>
<meta http-equiv="Content-Type" content="text/html;charset=utf-8" />
  <meta name='ocr-system' content='tesseract 3.04.00' />
  <meta name='ocr-capabilities' content='ocr_page ocr_carea ocr_par ocr_line ocrx_word'/>
</head>
<body>
  <div class='ocr_page' id='page_1' title='image "./synopsiscriticoh00szvouoft_0176.png"; bbox 0 0 1779 3128; ppageno 0'>
   <div class='ocr_carea' id='block_1_1' title="bbox 324 168 1092 238">
    <p class='ocr_par' dir='ltr' id='par_1_1' title="bbox 324 168 1092 238">
     <span class='ocr_line' id='line_1_1' title="bbox 324 168 1092 238; baseline -0.007 0"><span class='ocrx_word' id='word_1_1' title='bbox 324 168 415 238; x_wconf 68' lang='lat'><strong>15³</strong></span> <span class='ocrx_word' id='word_1_2' title='bbox 911 189 1092 208; x_wconf 92' lang='grc'><strong>---</strong></span> 
     </span>
    </p>
   </div>
   <div class='ocr_carea' id='block_1_2' title="bbox 911 209 1091 222">
    <p class='ocr_par' dir='ltr' id='par_1_2' title="bbox 911 209 1091 222">
     <span class='ocr_line' id='line_1_2' title="bbox 911 209 1091 222; baseline 0 2906"><span class='ocrx_word' id='word_1_3' title='bbox 911 209 1091 222; x_wconf 95' lang='lat' dir='ltr'><strong> </strong></span> 
     </span>
    </p>
   </div>
   <div class='ocr_carea' id='block_1_3' title="bbox 316 306 1736 1871">
    <p class='ocr_par' dir='ltr' id='par_1_3' title="bbox 316 306 1736 1871">
     <span class='ocr_line' id='line_1_3' title="bbox 320 306 1687 375; baseline 0.001 -19"><span class='ocrx_word' id='word_1_4' title='bbox 320 316 597 372; x_wconf 84' lang='lat' dir='ltr'><strong>cupatum‚</strong></span> <span class='ocrx_word' id='word_1_5' title='bbox 635 320 768 353; x_wconf 85' lang='lat' dir='ltr'><strong>anno</strong></span> <span class='ocrx_word' id='word_1_6' title='bbox 801 317 939 365; x_wconf 81' lang='lat'>1391.</span> <span class='ocrx_word' id='word_1_7' title='bbox 970 306 1239 366; x_wconf 82' lang='lat' dir='ltr'>erexisset,</span> <span class='ocrx_word' id='word_1_8' title='bbox 1278 309 1338 370; x_wconf 89' lang='lat' dir='ltr'><strong>n)</strong></span> <span class='ocrx_word' id='word_1_9' title='bbox 1378 324 1510 356; x_wconf 85' lang='lat' dir='ltr'><strong>anno</strong></span> <span class='ocrx_word' id='word_1_10' title='bbox 1536 324 1687 375; x_wconf 85' lang='lat' dir='ltr'><strong>prae-</strong></span> 
     </span>
     <span class='ocr_line' id='line_1_4' title="bbox 320 384 1685 453; baseline 0.001 -19"><span class='ocrx_word' id='word_1_11' title='bbox 320 384 538 434; x_wconf 84' lang='lat' dir='ltr'><strong>cedente</strong></span> <span class='ocrx_word' id='word_1_12' title='bbox 575 384 838 449; x_wconf 85' lang='lat' dir='ltr'><strong>Synodum</strong></span> <span class='ocrx_word' id='word_1_13' title='bbox 868 384 1239 434; x_wconf 83' lang='lat' dir='ltr'><strong>Dioecesanam</strong></span> <span class='ocrx_word' id='word_1_14' title='bbox 1279 387 1512 453; x_wconf 81' lang='lat' dir='ltr'><strong>Strigonii</strong></span> <span class='ocrx_word' id='word_1_15' title='bbox 1549 389 1685 437; x_wconf 87' lang='lat' dir='ltr'><strong>cele-</strong></span> 
     </span>
     <span class='ocr_line' id='line_1_5' title="bbox 318 464 1736 530; baseline 0 -15"><span class='ocrx_word' id='word_1_16' title='bbox 318 465 491 515; x_wconf 82' lang='lat' dir='ltr'><strong>bravit</strong></span> <span class='ocrx_word' id='word_1_17' title='bbox 529 481 704 512; x_wconf 87' lang='lat' dir='ltr'><strong>mense</strong></span> <span class='ocrx_word' id='word_1_18' title='bbox 742 464 912 524; x_wconf 79' lang='lat' dir='ltr'><strong>M3i03</strong></span> <span class='ocrx_word' id='word_1_19' title='bbox 965 464 1049 512; x_wconf 86' lang='lat' dir='ltr'><strong>ubi</strong></span> <span class='ocrx_word' id='word_1_20' title='bbox 1085 477 1274 530; x_wconf 56' lang='lat' dir='ltr'><strong>contra</strong></span> <span class='ocrx_word' id='word_1_21' title='bbox 1312 466 1572 515; x_wconf 81' lang='lat' dir='ltr'><strong>Laurentii</strong></span> <span class='ocrx_word' id='word_1_22' title='bbox 1620 465 1684 515; x_wconf 91' lang='lat' dir='ltr'><strong>de</strong></span> <span class='ocrx_word' id='word_1_23' title='bbox 1730 495 1736 499; x_wconf 87' lang='lat'>-</span> 
     </span>
     <span class='ocr_line' id='line_1_6' title="bbox 321 542 1730 612; baseline 0.001 -20"><span class='ocrx_word' id='word_1_24' title='bbox 321 542 586 602; x_wconf 70' lang='lat' dir='ltr'><strong>Czambd,</strong></span> <span class='ocrx_word' id='word_1_25' title='bbox 623 543 938 592; x_wconf 82' lang='lat' dir='ltr'><strong>Posoniensis</strong></span> <span class='ocrx_word' id='word_1_26' title='bbox 972 544 1234 592; x_wconf 83' lang='lat' dir='ltr'><strong>Ecclesiae</strong></span> <span class='ocrx_word' id='word_1_27' title='bbox 1281 545 1559 612; x_wconf 78' lang='lat' dir='ltr'><strong>Praepositi</strong></span> <span class='ocrx_word' id='word_1_28' title='bbox 1611 551 1685 596; x_wconf 86' lang='lat' dir='ltr'><strong>ius</strong></span> <span class='ocrx_word' id='word_1_29' title='bbox 1727 559 1730 562; x_wconf 80' lang='grc'><strong><em>’</em></strong></span> 
     </span>
     <span class='ocr_line' id='line_1_7' title="bbox 318 619 1686 688; baseline 0.001 -17"><span class='ocrx_word' id='word_1_30' title='bbox 318 633 610 688; x_wconf 82' lang='lat' dir='ltr'><strong>arrogatum</strong></span> <span class='ocrx_word' id='word_1_31' title='bbox 632 661 643 681; x_wconf 86' lang='lat'><strong>‚</strong></span> <span class='ocrx_word' id='word_1_32' title='bbox 683 619 1065 670; x_wconf 79' lang='lat' dir='ltr'><strong>declarabatur:</strong></span> <span class='ocrx_word' id='word_1_33' title='bbox 1108 621 1374 672; x_wconf 87' lang='lat' dir='ltr'><strong>Canonicis</strong></span> <span class='ocrx_word' id='word_1_34' title='bbox 1404 625 1686 674; x_wconf 87' lang='lat' dir='ltr'><strong>Posonien-</strong></span> 
     </span>
     <span class='ocr_line' id='line_1_8' title="bbox 319 700 1685 767; baseline 0.003 -18"><span class='ocrx_word' id='word_1_35' title='bbox 319 702 452 750; x_wconf 89' lang='lat' dir='ltr'><strong>sibus</strong></span> <span class='ocrx_word' id='word_1_36' title='bbox 500 712 795 767; x_wconf 85' lang='lat' dir='ltr'><strong>competere</strong></span> <span class='ocrx_word' id='word_1_37' title='bbox 857 700 1150 749; x_wconf 85' lang='lat' dir='ltr'><strong>libertatem</strong></span> <span class='ocrx_word' id='word_1_38' title='bbox 1213 701 1468 751; x_wconf 88' lang='lat' dir='ltr'><strong>condendi</strong></span> <span class='ocrx_word' id='word_1_39' title='bbox 1528 716 1685 753; x_wconf 83' lang='lat' dir='ltr'><strong>testa-</strong></span> 
     </span>
     <span class='ocr_line' id='line_1_9' title="bbox 317 779 1684 848; baseline 0.001 -19"><span class='ocrx_word' id='word_1_40' title='bbox 317 792 464 839; x_wconf 85' lang='lat' dir='ltr'><strong>tum,</strong></span> <span class='ocrx_word' id='word_1_41' title='bbox 506 783 563 843; x_wconf 88' lang='lat' dir='ltr'><strong>o)</strong></span> <span class='ocrx_word' id='word_1_42' title='bbox 603 797 663 828; x_wconf 88' lang='lat' dir='ltr'><strong>eo</strong></span> <span class='ocrx_word' id='word_1_43' title='bbox 702 796 801 828; x_wconf 82' lang='lat' dir='ltr'><strong>non</strong></span> <span class='ocrx_word' id='word_1_44' title='bbox 853 780 1088 828; x_wconf 81' lang='lat' dir='ltr'><strong>obstante</strong></span> <span class='ocrx_word' id='word_1_45' title='bbox 1107 782 1136 840; x_wconf 59' lang='lat'><strong>‚³</strong></span> <span class='ocrx_word' id='word_1_46' title='bbox 1173 779 1314 844; x_wconf 84' lang='lat' dir='ltr'><strong>qvod</strong></span> <span class='ocrx_word' id='word_1_47' title='bbox 1364 782 1684 848; x_wconf 87' lang='lat' dir='ltr'><strong>Praepositus</strong></span> 
     </span>
     <span class='ocr_line' id='line_1_10' title="bbox 319 859 1684 926; baseline 0.001 -18"><span class='ocrx_word' id='word_1_48' title='bbox 319 861 634 909; x_wconf 82' lang='lat' dir='ltr'><strong>adniteretur</strong></span> <span class='ocrx_word' id='word_1_49' title='bbox 684 874 925 924; x_wconf 84' lang='lat' dir='ltr'><strong>usurpare</strong></span> <span class='ocrx_word' id='word_1_50' title='bbox 961 859 1131 918; x_wconf 82' lang='lat' dir='ltr'><strong>bona,</strong></span> <span class='ocrx_word' id='word_1_51' title='bbox 1182 859 1246 908; x_wconf 86' lang='lat' dir='ltr'><strong>de</strong></span> <span class='ocrx_word' id='word_1_52' title='bbox 1291 860 1472 924; x_wconf 77' lang='lat' dir='ltr'><strong>qvibus</strong></span> <span class='ocrx_word' id='word_1_53' title='bbox 1507 877 1684 926; x_wconf 87' lang='lat' dir='ltr'><strong>perso-</strong></span> 
     </span>
     <span class='ocr_line' id='line_1_11' title="bbox 316 938 1686 1005; baseline 0 -17"><span class='ocrx_word' id='word_1_54' title='bbox 316 956 413 988; x_wconf 86' lang='lat' dir='ltr'><strong>nae</strong></span> <span class='ocrx_word' id='word_1_55' title='bbox 459 938 778 1005; x_wconf 84' lang='lat' dir='ltr'><strong>Capitulares</strong></span> <span class='ocrx_word' id='word_1_56' title='bbox 841 941 891 985; x_wconf 90' lang='lat' dir='ltr'><strong>in</strong></span> <span class='ocrx_word' id='word_1_57' title='bbox 941 948 1252 986; x_wconf 82' lang='lat' dir='ltr'><strong>testamento</strong></span> <span class='ocrx_word' id='word_1_58' title='bbox 1315 938 1686 1005; x_wconf 85' lang='lat' dir='ltr'><strong>disposuerunt.</strong></span> 
     </span>
     <span class='ocr_line' id='line_1_12' title="bbox 325 1016 1686 1081; baseline 0.001 -15"><span class='ocrx_word' id='word_1_59' title='bbox 325 1018 562 1081; x_wconf 87' lang='lat' dir='ltr'><strong>Cumqve</strong></span> <span class='ocrx_word' id='word_1_60' title='bbox 601 1021 676 1064; x_wconf 88' lang='lat' dir='ltr'><strong>ius</strong></span> <span class='ocrx_word' id='word_1_61' title='bbox 732 1016 1031 1064; x_wconf 84' lang='lat' dir='ltr'><strong>conferendi</strong></span> <span class='ocrx_word' id='word_1_62' title='bbox 1068 1016 1333 1066; x_wconf 80' lang='lat' dir='ltr'><strong>Beneficia</strong></span> <span class='ocrx_word' id='word_1_63' title='bbox 1370 1018 1686 1067; x_wconf 86' lang='lat' dir='ltr'><strong>Ecclesiasti-</strong></span> 
     </span>
     <span class='ocr_line' id='line_1_13' title="bbox 323 1097 1685 1158; baseline -0.001 -13"><span class='ocrx_word' id='word_1_64' title='bbox 323 1114 418 1156; x_wconf 77' lang='lat' dir='ltr'><strong>ca,</strong></span> <span class='ocrx_word' id='word_1_65' title='bbox 466 1108 571 1144; x_wconf 85' lang='lat' dir='ltr'><strong>tam</strong></span> <span class='ocrx_word' id='word_1_66' title='bbox 615 1099 775 1152; x_wconf 78' lang='lat' dir='ltr'><strong>intra,</strong></span> <span class='ocrx_word' id='word_1_67' title='bbox 827 1111 981 1158; x_wconf 78' lang='lat' dir='ltr'><strong>qvam</strong></span> <span class='ocrx_word' id='word_1_68' title='bbox 1021 1107 1162 1143; x_wconf 86' lang='lat' dir='ltr'><strong>extra</strong></span> <span class='ocrx_word' id='word_1_69' title='bbox 1199 1113 1370 1144; x_wconf 86' lang='lat' dir='ltr'><strong>muros</strong></span> <span class='ocrx_word' id='word_1_70' title='bbox 1408 1097 1685 1145; x_wconf 86' lang='lat' dir='ltr'><strong>Posonien-</strong></span> 
     </span>
     <span class='ocr_line' id='line_1_14' title="bbox 323 1173 1687 1241; baseline 0.001 -17"><span class='ocrx_word' id='word_1_71' title='bbox 323 1193 402 1224; x_wconf 89' lang='lat' dir='ltr'><strong>ses</strong></span> <span class='ocrx_word' id='word_1_72' title='bbox 439 1185 701 1241; x_wconf 80' lang='lat' dir='ltr'><strong>arrogaret</strong></span> <span class='ocrx_word' id='word_1_73' title='bbox 738 1174 829 1221; x_wconf 87' lang='lat' dir='ltr'><strong>sibi</strong></span> <span class='ocrx_word' id='word_1_74' title='bbox 865 1173 1185 1240; x_wconf 78' lang='lat' dir='ltr'><strong>praepositus</strong></span> <span class='ocrx_word' id='word_1_75' title='bbox 1220 1176 1387 1234; x_wconf 79' lang='lat' dir='ltr'><strong>idem,</strong></span> <span class='ocrx_word' id='word_1_76' title='bbox 1427 1192 1592 1239; x_wconf 84' lang='lat' dir='ltr'><strong>aeqve</strong></span> <span class='ocrx_word' id='word_1_77' title='bbox 1618 1176 1687 1226; x_wconf 89' lang='lat' dir='ltr'><strong>ibi</strong></span> 
     </span>
     <span class='ocr_line' id='line_1_15' title="bbox 323 1251 1688 1318; baseline -0.001 -14"><span class='ocrx_word' id='word_1_78' title='bbox 323 1255 643 1304; x_wconf 79' lang='lat' dir='ltr'><strong>declaratum</strong></span> <span class='ocrx_word' id='word_1_79' title='bbox 681 1265 782 1302; x_wconf 87' lang='lat' dir='ltr'><strong>est:</strong></span> <span class='ocrx_word' id='word_1_80' title='bbox 824 1251 976 1318; x_wconf 84' lang='lat' dir='ltr'><strong>Qvod</strong></span> <span class='ocrx_word' id='word_1_81' title='bbox 1012 1254 1308 1302; x_wconf 80' lang='lat' dir='ltr'><strong>omnimoda</strong></span> <span class='ocrx_word' id='word_1_82' title='bbox 1345 1254 1584 1312; x_wconf 74' lang='lat' dir='ltr'><strong>collatio,</strong></span> <span class='ocrx_word' id='word_1_83' title='bbox 1637 1265 1688 1303; x_wconf 91' lang='lat' dir='ltr'><strong>et</strong></span> 
     </span>
     <span class='ocr_line' id='line_1_16' title="bbox 319 1329 1684 1401; baseline -0.001 -20"><span class='ocrx_word' id='word_1_84' title='bbox 319 1335 577 1401; x_wconf 75' lang='lat' dir='ltr'><strong>provisio,</strong></span> <span class='ocrx_word' id='word_1_85' title='bbox 617 1334 892 1391; x_wconf 82' lang='lat' dir='ltr'><strong>institutio,</strong></span> <span class='ocrx_word' id='word_1_86' title='bbox 947 1342 997 1379; x_wconf 93' lang='lat' dir='ltr'><strong>et</strong></span> <span class='ocrx_word' id='word_1_87' title='bbox 1034 1329 1291 1380; x_wconf 77' lang='lat' dir='ltr'><strong>destitutio</strong></span> <span class='ocrx_word' id='word_1_88' title='bbox 1343 1331 1684 1381; x_wconf 80' lang='lat' dir='ltr'><strong>Canonicatu-</strong></span> 
     </span>
     <span class='ocr_line' id='line_1_17' title="bbox 319 1410 1678 1474; baseline -0.003 -13"><span class='ocrx_word' id='word_1_89' title='bbox 319 1430 439 1472; x_wconf 81' lang='lat' dir='ltr'><strong>um,</strong></span> <span class='ocrx_word' id='word_1_90' title='bbox 480 1412 879 1469; x_wconf 83' lang='lat' dir='ltr'><strong>Plebanatuum‚</strong></span> <span class='ocrx_word' id='word_1_91' title='bbox 918 1421 967 1458; x_wconf 89' lang='lat' dir='ltr'><strong>et</strong></span> <span class='ocrx_word' id='word_1_92' title='bbox 1003 1410 1214 1458; x_wconf 89' lang='lat' dir='ltr'><strong>aliorum</strong></span> <span class='ocrx_word' id='word_1_93' title='bbox 1253 1427 1678 1474; x_wconf 79' lang='lat' dir='ltr'><strong>qvorumcunqve</strong></span> 
     </span>
     <span class='ocr_line' id='line_1_18' title="bbox 318 1489 1682 1548; baseline -0.003 -8"><span class='ocrx_word' id='word_1_94' title='bbox 318 1491 697 1540; x_wconf 86' lang='lat' dir='ltr'><strong>Beneficiorum</strong></span> <span class='ocrx_word' id='word_1_95' title='bbox 731 1493 892 1548; x_wconf 81' lang='lat' dir='ltr'><strong>intra,</strong></span> <span class='ocrx_word' id='word_1_96' title='bbox 933 1500 982 1537; x_wconf 90' lang='lat' dir='ltr'><strong>et</strong></span> <span class='ocrx_word' id='word_1_97' title='bbox 1022 1500 1163 1537; x_wconf 82' lang='lat' dir='ltr'><strong>extra</strong></span> <span class='ocrx_word' id='word_1_98' title='bbox 1199 1506 1366 1536; x_wconf 88' lang='lat' dir='ltr'><strong>muros</strong></span> <span class='ocrx_word' id='word_1_99' title='bbox 1405 1489 1682 1537; x_wconf 85' lang='lat' dir='ltr'><strong>Posonien·</strong></span> 
     </span>
     <span class='ocr_line' id='line_1_19' title="bbox 319 1570 1684 1634; baseline -0.001 -17"><span class='ocrx_word' id='word_1_100' title='bbox 319 1587 397 1618; x_wconf 86' lang='lat' dir='ltr'><strong>ses</strong></span> <span class='ocrx_word' id='word_1_101' title='bbox 439 1572 785 1626; x_wconf 74' lang='lat' dir='ltr'><strong>existentium,</strong></span> <span class='ocrx_word' id='word_1_102' title='bbox 823 1570 1124 1634; x_wconf 88' lang='lat' dir='ltr'><strong>pertinuerit</strong></span> <span class='ocrx_word' id='word_1_103' title='bbox 1160 1579 1208 1616; x_wconf 92' lang='lat' dir='ltr'><strong>et</strong></span> <span class='ocrx_word' id='word_1_104' title='bbox 1246 1571 1581 1633; x_wconf 71' lang='lat' dir='ltr'><strong>spectaverit,</strong></span> <span class='ocrx_word' id='word_1_105' title='bbox 1625 1583 1684 1615; x_wconf 86' lang='lat' dir='ltr'><strong>ac</strong></span> 
     </span>
     <span class='ocr_line' id='line_1_20' title="bbox 320 1645 1688 1714; baseline -0.002 -18"><span class='ocrx_word' id='word_1_106' title='bbox 320 1647 560 1714; x_wconf 90' lang='lat' dir='ltr'><strong>deinceps</strong></span> <span class='ocrx_word' id='word_1_107' title='bbox 597 1649 886 1713; x_wconf 82' lang='lat' dir='ltr'><strong>pertineat,</strong></span> <span class='ocrx_word' id='word_1_108' title='bbox 927 1657 976 1694; x_wconf 91' lang='lat' dir='ltr'><strong>et</strong></span> <span class='ocrx_word' id='word_1_109' title='bbox 1007 1657 1205 1712; x_wconf 87' lang='lat' dir='ltr'><strong>spectet</strong></span> <span class='ocrx_word' id='word_1_110' title='bbox 1235 1645 1301 1694; x_wconf 87' lang='lat' dir='ltr'><strong>ad</strong></span> <span class='ocrx_word' id='word_1_111' title='bbox 1336 1645 1688 1712; x_wconf 88' lang='lat' dir='ltr'><strong>Archiepisco·</strong></span> 
     </span>
     <span class='ocr_line' id='line_1_21' title="bbox 321 1723 1686 1794; baseline -0.002 -19"><span class='ocrx_word' id='word_1_112' title='bbox 321 1743 443 1794; x_wconf 90' lang='lat' dir='ltr'><strong>pum</strong></span> <span class='ocrx_word' id='word_1_113' title='bbox 480 1727 889 1791; x_wconf 86' lang='lat' dir='ltr'><strong>Strigoniensem.</strong></span> <span class='ocrx_word' id='word_1_114' title='bbox 926 1724 986 1791; x_wconf 90' lang='lat' dir='ltr'><strong>p)</strong></span> <span class='ocrx_word' id='word_1_115' title='bbox 1058 1725 1152 1772; x_wconf 92' lang='lat' dir='ltr'><strong>Hic</strong></span> <span class='ocrx_word' id='word_1_116' title='bbox 1180 1742 1263 1774; x_wconf 89' lang='lat' dir='ltr'><strong>me</strong></span> <span class='ocrx_word' id='word_1_117' title='bbox 1293 1725 1536 1774; x_wconf 86' lang='lat' dir='ltr'><strong>deficiunt</strong></span> <span class='ocrx_word' id='word_1_118' title='bbox 1572 1723 1686 1792; x_wconf 90' lang='lat' dir='ltr'><strong>plu·</strong></span> 
     </span>
     <span class='ocr_line' id='line_1_22' title="bbox 322 1802 1186 1871; baseline -0.001 -16"><span class='ocrx_word' id='word_1_119' title='bbox 322 1823 380 1854; x_wconf 86' lang='lat' dir='ltr'><strong>ra</strong></span> <span class='ocrx_word' id='word_1_120' title='bbox 416 1806 480 1855; x_wconf 86' lang='lat' dir='ltr'><strong>de</strong></span> <span class='ocrx_word' id='word_1_121' title='bbox 519 1802 727 1871; x_wconf 84' lang='lat' dir='ltr'><strong>Synodo</strong></span> <span class='ocrx_word' id='word_1_122' title='bbox 764 1803 860 1852; x_wconf 88' lang='lat' dir='ltr'><strong>hac</strong></span> <span class='ocrx_word' id='word_1_123' title='bbox 895 1802 1186 1854; x_wconf 84' lang='lat' dir='ltr'><strong>referenda.</strong></span> 
     </span>
    </p>
   </div>
   <div class='ocr_carea' id='block_1_4' title="bbox 1367 2183 1616 2254">
    <p class='ocr_par' dir='ltr' id='par_1_4' title="bbox 1367 2183 1616 2254">
     <span class='ocr_line' id='line_1_23' title="bbox 1367 2183 1616 2254; baseline 0 -16"><span class='ocrx_word' id='word_1_124' title='bbox 1367 2183 1416 2254; x_wconf 79' lang='lat'><strong>§.</strong></span> <span class='ocrx_word' id='word_1_125' title='bbox 1454 2188 1616 2238; x_wconf 83' lang='lat' dir='ltr'>LXV.</span> 
     </span>
    </p>
   </div>
   <div class='ocr_carea' id='block_1_5' title="bbox 372 2346 1685 2741">
    <p class='ocr_par' dir='ltr' id='par_1_5' title="bbox 372 2346 1685 2741">
     <span class='ocr_line' id='line_1_24' title="bbox 372 2346 1685 2402; baseline 0.002 -14"><span class='ocrx_word' id='word_1_126' title='bbox 372 2346 425 2402; x_wconf 82' lang='lat' dir='ltr'><strong>n)</strong></span> <span class='ocrx_word' id='word_1_127' title='bbox 455 2351 520 2391; x_wconf 90' lang='lat' dir='ltr'><strong>De</strong></span> <span class='ocrx_word' id='word_1_128' title='bbox 552 2348 640 2390; x_wconf 87' lang='lat' dir='ltr'><strong>hoc</strong></span> <span class='ocrx_word' id='word_1_129' title='bbox 674 2348 922 2402; x_wconf 81' lang='lat' dir='ltr'><strong>Capitulo,</strong></span> <span class='ocrx_word' id='word_1_130' title='bbox 970 2348 1073 2390; x_wconf 88' lang='lat' dir='ltr'><strong>vide</strong></span> <span class='ocrx_word' id='word_1_131' title='bbox 1105 2360 1226 2388; x_wconf 87' lang='lat' dir='ltr'><strong>meas</strong></span> <span class='ocrx_word' id='word_1_132' title='bbox 1259 2348 1483 2391; x_wconf 88' lang='lat' dir='ltr'><strong>Amoenit.</strong></span> <span class='ocrx_word' id='word_1_133' title='bbox 1512 2347 1685 2390; x_wconf 76' lang='lat' dir='ltr'><strong>Fascio.</strong></span> 
     </span>
     <span class='ocr_line' id='line_1_25' title="bbox 424 2414 1684 2473; baseline 0 -17"><span class='ocrx_word' id='word_1_134' title='bbox 424 2416 473 2456; x_wconf 91' lang='lat' dir='ltr'><strong>V.</strong></span> <span class='ocrx_word' id='word_1_135' title='bbox 507 2430 629 2459; x_wconf 87' lang='lat' dir='ltr'><strong>num.</strong></span> <span class='ocrx_word' id='word_1_136' title='bbox 660 2416 714 2458; x_wconf 81' lang='grc' dir='ltr'><strong>ΙΙ.</strong></span> <span class='ocrx_word' id='word_1_137' title='bbox 740 2415 782 2473; x_wconf 80' lang='lat'><strong>§.</strong></span> <span class='ocrx_word' id='word_1_138' title='bbox 812 2429 880 2470; x_wconf 84' lang='grc'><strong>47.</strong></span> <span class='ocrx_word' id='word_1_139' title='bbox 938 2416 988 2469; x_wconf 88' lang='grc' dir='ltr'><strong>ο)</strong></span> <span class='ocrx_word' id='word_1_140' title='bbox 1019 2419 1086 2458; x_wconf 88' lang='lat' dir='ltr'><strong>De</strong></span> <span class='ocrx_word' id='word_1_141' title='bbox 1117 2414 1204 2455; x_wconf 87' lang='lat' dir='ltr'><strong>hoc</strong></span> <span class='ocrx_word' id='word_1_142' title='bbox 1229 2416 1426 2455; x_wconf 85' lang='lat' dir='ltr'><strong>testandi</strong></span> <span class='ocrx_word' id='word_1_143' title='bbox 1459 2416 1556 2456; x_wconf 85' lang='lat' dir='ltr'><strong>iure</strong></span> <span class='ocrx_word' id='word_1_144' title='bbox 1584 2415 1684 2456; x_wconf 82' lang='lat' dir='ltr'><strong>Cle-</strong></span> 
     </span>
     <span class='ocr_line' id='line_1_26' title="bbox 425 2482 1680 2536; baseline 0 -14"><span class='ocrx_word' id='word_1_145' title='bbox 425 2482 556 2523; x_wconf 81' lang='lat' dir='ltr'><strong>ricali</strong></span> <span class='ocrx_word' id='word_1_146' title='bbox 578 2512 592 2531; x_wconf 80' lang='lat'><em>,</em></span> <span class='ocrx_word' id='word_1_147' title='bbox 622 2483 732 2524; x_wconf 87' lang='lat' dir='ltr'><strong>mihi</strong></span> <span class='ocrx_word' id='word_1_148' title='bbox 756 2497 934 2536; x_wconf 86' lang='lat' dir='ltr'><strong>semper</strong></span> <span class='ocrx_word' id='word_1_149' title='bbox 957 2483 1096 2524; x_wconf 89' lang='lat' dir='ltr'><strong>dubio</strong></span> <span class='ocrx_word' id='word_1_150' title='bbox 1117 2511 1130 2531; x_wconf 92' lang='lat'><strong><em>,</em></strong></span> <span class='ocrx_word' id='word_1_151' title='bbox 1161 2482 1317 2535; x_wconf 83' lang='lat' dir='ltr'><strong>scripsi</strong></span> <span class='ocrx_word' id='word_1_152' title='bbox 1343 2482 1387 2522; x_wconf 84' lang='lat' dir='ltr'><strong>in</strong></span> <span class='ocrx_word' id='word_1_153' title='bbox 1418 2483 1521 2523; x_wconf 83' lang='lat' dir='ltr'><strong>Iure</strong></span> <span class='ocrx_word' id='word_1_154' title='bbox 1551 2482 1680 2535; x_wconf 88' lang='lat' dir='ltr'><strong>publ.</strong></span> 
     </span>
     <span class='ocr_line' id='line_1_27' title="bbox 425 2547 1682 2607; baseline 0 -17"><span class='ocrx_word' id='word_1_155' title='bbox 425 2548 548 2591; x_wconf 90' lang='lat' dir='ltr'><strong>Eccl.</strong></span> <span class='ocrx_word' id='word_1_156' title='bbox 579 2550 728 2607; x_wconf 84' lang='lat' dir='ltr'><strong>Hung.</strong></span> <span class='ocrx_word' id='word_1_157' title='bbox 760 2552 865 2591; x_wconf 88' lang='lat' dir='ltr'><strong>inde</strong></span> <span class='ocrx_word' id='word_1_158' title='bbox 898 2565 922 2592; x_wconf 84' lang='lat' dir='ltr'><strong>a</strong></span> <span class='ocrx_word' id='word_1_159' title='bbox 953 2548 990 2606; x_wconf 59' lang='grc' dir='ltr'><strong>ᾗ.</strong></span> <span class='ocrx_word' id='word_1_160' title='bbox 1026 2560 1120 2603; x_wconf 71' lang='lat'><strong>289.</strong></span> <span class='ocrx_word' id='word_1_161' title='bbox 1190 2547 1240 2602; x_wconf 67' lang='lat' dir='ltr'><strong>p)</strong></span> <span class='ocrx_word' id='word_1_162' title='bbox 1285 2553 1473 2593; x_wconf 84' lang='lat' dir='ltr'><strong>Docum.</strong></span> <span class='ocrx_word' id='word_1_163' title='bbox 1507 2564 1561 2591; x_wconf 85' lang='lat' dir='ltr'><strong>ex</strong></span> <span class='ocrx_word' id='word_1_164' title='bbox 1595 2563 1682 2604; x_wconf 90' lang='lat' dir='ltr'><strong>qvo</strong></span> 
     </span>
     <span class='ocr_line' id='line_1_28' title="bbox 427 2614 1675 2674; baseline 0.003 -17"><span class='ocrx_word' id='word_1_165' title='bbox 427 2615 543 2657; x_wconf 82' lang='lat' dir='ltr'><strong>haec</strong></span> <span class='ocrx_word' id='word_1_166' title='bbox 575 2617 744 2667; x_wconf 86' lang='lat' dir='ltr'><strong>retuli,</strong></span> <span class='ocrx_word' id='word_1_167' title='bbox 775 2617 971 2661; x_wconf 84' lang='lat' dir='ltr'><strong>habetur</strong></span> <span class='ocrx_word' id='word_1_168' title='bbox 1001 2632 1070 2674; x_wconf 83' lang='lat' dir='ltr'><strong>ap.</strong></span> <span class='ocrx_word' id='word_1_169' title='bbox 1107 2614 1314 2673; x_wconf 70' lang='lat' dir='ltr'><strong>Peterffy</strong></span> <span class='ocrx_word' id='word_1_170' title='bbox 1347 2617 1524 2662; x_wconf 76' lang='lat' dir='ltr'><strong>Concil.</strong></span> <span class='ocrx_word' id='word_1_171' title='bbox 1554 2618 1608 2660; x_wconf 93' lang='lat' dir='ltr'><strong>T.</strong></span> <span class='ocrx_word' id='word_1_172' title='bbox 1638 2617 1675 2661; x_wconf 91' lang='lat' dir='ltr'><strong>I.</strong></span> 
     </span>
     <span class='ocr_line' id='line_1_29' title="bbox 429 2684 1017 2741; baseline 0.003 -15"><span class='ocrx_word' id='word_1_173' title='bbox 429 2697 533 2741; x_wconf 79' lang='lat' dir='ltr'><strong>pag.</strong></span> <span class='ocrx_word' id='word_1_174' title='bbox 559 2684 670 2726; x_wconf 87' lang='lat' dir='ltr'><strong>mihi</strong></span> <span class='ocrx_word' id='word_1_175' title='bbox 705 2696 798 2740; x_wconf 69' lang='lat'>183.</span> <span class='ocrx_word' id='word_1_176' title='bbox 1011 2694 1017 2696; x_wconf 85' lang='grc'><em>“</em></span> 
     </span>
    </p>
   </div>
  </div>
 </body>
</html>
