1779 3128
330 128 425 174 208
919 129 1103 165 ΕΞ

818 236 892 308 §.-
937 203 1207 295 LXXXv.

594 364 740 441 Syn.
789 361 960 421 Tirn.
1005 385 1106 423 an.
1149 367 1426 426 MDLX.

464 525 906 575 commemoratus
944 526 1065 575 alibi
1095 525 1334 575 Nicolaus
1376 526 1585 586 Olahus,
1607 527 1702 576 Ar·

328 605 620 674 chipraesul
655 607 1043 671 Strigoniensis,
1081 609 1330 654 memoria
1367 606 1577 670 dignam
1610 607 1703 673 Sy-

326 688 523 737 nodum
561 688 665 751 egit
700 682 980 735 Tirnaviae
1030 701 1164 732 anno
1222 686 1363 743 1560.
1400 684 1481 733 die
1520 699 1597 743 23.
1632 686 1704 732 A·

326 766 518 834 prilis3
572 782 701 829 qvae
753 768 889 832 typis
935 765 1306 814 Viennensibus
1355 781 1488 811 anno
1525 764 1707 816 eodem

327 862 510 894 excusa
543 881 557 902 ,
625 861 742 892 cum
791 842 927 893 haud
988 846 1163 911 paucis
1217 854 1429 893 scateret
1485 843 1703 900 mendis,

329 920 594 992 ipsiasmet
647 922 795 970 Olahi
843 923 1040 970 calamo
1080 934 1349 982 correcta,
1398 922 1478 990 ⁸ibi
1517 921 1703 979 denuo,

325 1020 446 1051 mox
484 1018 617 1049 anno
654 1012 896 1065 seqvente
936 1002 1340 1069 imprimebatur.
1421 1002 1495 1048 Ex
1543 1001 1705 1049 altera

327 1081 423 1130 hac
462 1081 721 1139 editione,
759 1096 899 1128 suam
920 1079 1237 1148 prodivisse,
1278 1080 1542 1129 Peterffius
1570 1096 1706 1129 asse·

330 1172 495 1211 verat.
543 1160 603 1226 g)
695 1161 803 1208 Etsi
841 1171 1010 1209 autem
1059 1161 1148 1209 illa
1185 1161 1416 1226 Synodus
1454 1159 1706 1208 inscriba-

330 1252 413 1290 tur
452 1244 763 1289 Dioecesano
798 1267 864 1274 -
898 1244 1267 1298 provincialis,
1319 1256 1423 1287 non
1460 1255 1706 1302 asseqvor

332 1332 508 1369 tamen
545 1319 688 1367 huius
727 1317 1089 1385 adpellationis
1113 1335 1346 1377 causam,
1382 1336 1483 1366 non
1525 1318 1704 1377 modo,

332 1398 475 1466 qvod
512 1398 704 1464 S‘ynodi
741 1396 945 1446 huiusce
982 1400 1266 1463 ingressus,
1298 1398 1537 1461 loqvatui·
1575 1396 1705 1445 dun-

330 1490 474 1528 taxat
510 1474 789 1525 Abbatibus
813 1513 827 1535 ,
882 1476 1190 1543 praepositis,
1220 1513 1235 1534 ,
1288 1488 1394 1524 tam
1430 1475 1705 1524 saeculari-

330 1557 459 1617 buS,
498 1573 651 1621 qvam
686 1554 1048 1622 RegularibUS,
1084 1554 1505 1613 Archidiaconis,
1541 1554 1708 1603 Cano-

334 1638 498 1690 nicis,
535 1636 747 1699 aliisqve
786 1633 849 1684 de
894 1637 1083 1682 minori
1121 1634 1306 1682 Clero:
1355 1633 1444 1681 sed
1482 1633 1617 1699 qvod
1653 1637 1704 1683 in

333 1714 545 1766 exordio
579 1725 846 1781 praeterea
897 1716 966 1761 sic
1003 1712 1231 1762 dicatur:
1271 1717 1601 1774 ,Catholicaffl
1643 1731 1704 1762 ae

337 1799 653 1844 Christianae
702 1795 983 1858 Religionis
1027 1798 1297 1855 praecipua
1341 1796 1573 1855 quaedam
1619 1811 1700 1840 ca-

331 1879 477 1939 pita,
528 1877 587 1920 de
640 1874 1010 1932 Sacramentis,
1041 1875 1186 1935 fide,
1229 1883 1278 1918 et
1323 1874 1551 1933 operibus
1578 1907 1593 1929 ,
1643 1875 1703 1920 de

335 1957 599 2011 Ecclesia,
634 1956 694 1999 de
728 1963 933 2015 utraque
966 1953 1351 2013 iustificatione,
1392 1968 1453 1997 ac
1486 1955 1635 1999 aliis:
1670 1965 1703 1998 a

340 2036 466 2083 RB.
505 2034 636 2081 DD.
667 2033 876 2080 Nicolao
906 2033 1099 2087 Olaho,
1139 2033 1572 2091 Archi-Episcopo
1601 2034 1703 2079 Ec-

342 2109 520 2161 clesiae
557 2110 985 2173 Metropolitanae
1039 2110 1426 2172 strigoniensis,
1477 2111 1703 2155 Primate

339 2195 667 2256 flungariae,
706 2190 983 2254 eiLegato
1017 2189 1191 2246 Nato,
1244 2198 1337 2234 etc.
1387 2204 1449 2233 ex
1490 2190 1700 2248 purissi-

337 2273 433 2318 mis
469 2271 654 2317 Sacrae
692 2264 1018 2330 Scripturae,
1066 2268 1391 2313 traditionum
1444 2269 1701 2326 Apostoli-

337 2367 544 2407 carum,
593 2353 876 2406 canonum,
913 2365 974 2394 ac
1010 2346 1304 2394 Sanctorum
1340 2347 1552 2392 Patrum
1574 2346 1700 2407 fon·

338 2430 477 2475 tibus
512 2431 772 2487 derivata,
825 2437 874 2473 et
921 2430 970 2473 in
1020 2425 1223 2489 Synodo
1260 2441 1353 2470 sua
1386 2425 1701 2471 Dioecesana

1520 2504 1570 2549 T
1564 2506 1632 2549 ir-

389 2637 445 2695 g)
475 2637 608 2677 Tom.
640 2637 694 2680 Π.
728 2650 830 2693 pag.
859 2647 924 2689 43.
