1779 3128
662 197 848 227 ===
1370 200 1435 244 53

57 320 212 373 atqve
264 309 314 354 in
368 323 428 355 ea
476 308 825 374 pervicaciter
876 309 1158 357 manserint
1215 324 1308 375 per
1345 322 1434 356 an-

56 404 216 436 num:
264 386 513 435 adversus
562 402 649 434 eos
688 402 716 434 a
752 386 1026 444 praelato,
1074 386 1141 436 ad
1189 405 1345 452 qvem
1383 388 1435 436 id
1469 411 1483 419 ·

57 464 124 514 de
161 469 271 514 iure
310 470 560 533 pertinet,
599 483 690 515 seu
739 483 833 533 per
870 466 1203 532 Inqvisitores
1255 466 1437 516 haere-

56 550 191 594 ticae
231 549 538 613 praV1tatiS‚
573 547 630 611 a)
673 545 1003 596 confiscando
1043 563 1224 594 eorum
1267 546 1436 606 Bona,

55 626 204 674 velut
253 639 431 675 contra
476 626 764 675 haereticos
798 625 1148 693 procedatur.
1251 635 1298 681 8.
1359 627 1436 676 Ne

57 705 356 755 Catholicus
395 708 584 767 filiam,
621 717 864 772 neptem,
905 717 956 754 et
994 710 1438 772 consangvineam

53 802 242 847 suam,
292 787 556 836 haeretico
604 789 788 853 nuptui
846 784 1038 836 tradat.
1123 786 1279 834 Secus
1330 798 1438 834 tam

51 865 141 913 ille
163 904 177 925 ‚
216 884 373 931 qvam
410 879 459 916 et
485 867 672 916 mulier
701 869 1059 925 consentiens,
1096 883 1323 932 poenam
1353 883 1465 917 ex-.

56 949 541 996 communicationis
590 949 704 1013 ipso
751 945 889 995 facto
949 949 1309 1005 incurrentes,
1361 963 1439 993 se·

0 1075 1 1080 ,
55 1026 266 1091 pultura
328 1026 962 1093 qvoqve‘Ecclesiastica
1022 1029 1231 1093 penitus
1293 1042 1438 1074 care·

1226 1106 1370 1155 buna

164 1274 372 1331 Ecclesia
416 1277 804 1326 Transilvanica,
862 1278 1193 1320 documentum
1236 1279 1435 1333 probat,

166 1346 289 1399 qvod
330 1346 378 1386 in
419 1344 579 1388 charta
618 1344 744 1387 linea
775 1346 1121 1399 conscriptum,
1167 1347 1440 1389 obtinuerat

165 1413 233 1458 Cl.
275 1414 441 1456 Daniel
484 1414 707 1456 Cornides
736 1444 750 1463 ,
809 1424 855 1456 et
899 1415 1162 1455 inseruerat
1209 1417 1435 1468 opusculo

162 1483 437 1536 periodico,
477 1483 541 1524 sic
582 1483 838 1537 inscripto:
889 1485 1153 1537 Ungrisclze.;
1198 1484 1436 1538 Nlogazin,

162 1549 403 1592 fasciculo·
431 1551 491 1592 II.
535 1565 640 1609 pag.
687 1566 777 1606 133.
820 1551 1024 1592 Litterae
1074 1561 1180 1593 sunt
1208 1552 1320 1594 illae
1353 1567 1438 1606 per

165 1619 459 1663 cardinalem
501 1619 772 1669 Gentilem,
811 1620 1042 1674 Episcopo
1084 1621 1435 1666 Transilvaniae

166 1688 420 1728 Benedicto
454 1688 618 1731 missae
638 1717 652 1738 ,
684 1689 729 1729 in
761 1688 924 1742 qvibus
959 1698 1119 1731 cetera
1149 1690 1292 1739 inter,
1324 1691 1437 1732 haec

159 1754 415 1799 habentur:
452 1757 715 1797 Conn'nebat
745 1763 861 1798 inter
883 1760 969 1798 alia
998 1761 1130 1799 litera
1151 1769 1308 1800 vestra
1333 1775 1441 1812 pro-

162 1830 280 1865 xime
311 1826 438 1866 nobis
465 1833 630 1875 missa,
661 1853 714 1861 --
742 1853 797 1861 --
827 1828 947 1881 qvod
972 1842 1051 1867 nec
1084 1827 1328 1881 Religiosi,
1358 1844 1438 1869 nee

163 1895 325 1935 Clerici
361 1898 622 1941 saeculares
661 1906 846 1937 servant
888 1901 931 1937 in
978 1897 1433 1939 Transilz'aniensibus

155 1965 368 2015 partibus
396 1966 681 2011 interdictum
712 1992 766 2000 --
797 1990 851 2001 .-
878 1993 934 2001 --
966 1967 1176 2019 capitulo
1224 1967 1440 2009 Transsil-

157 2036 357 2072 vaniensi
392 2034 578 2073 damnus
617 2037 762 2088 aliqva
796 2049 881 2088 per
924 2038 1037 2075 alias
1068 2045 1249 2077 nostras
1279 2039 1439 2077 literas

156 2108 197 2141 in
228 2102 446 2142 mandatis
464 2131 476 2150 ‚
505 2129 558 2137 --
587 2131 642 2137 -
672 2113 723 2144 ut
754 2107 926 2145 scilicet
957 2105 1125 2159 tamdiu
1158 2115 1336 2146 teneant
1365 2111 1429 2146 in-

162 2171 430 2219 terdictum,
461 2172 601 2212 donec
633 2173 869 2213 Ladislaus
898 2175 958 2214 ad
982 2183 1139 2214 nostra
1160 2203 1175 2223 ,
1207 2184 1251 2215 et
1284 2174 1438 2215 Eccle-

162 2244 256 2278 siae
285 2240 493 2279 mandata
521 2241 748 2281 humiliter
779 2242 981 2292 rediens,
1023 2257 1158 2295 opere
1198 2245 1438 2295 compleat,

164 2309 284 2360 qvod
304 2323 389 2360 pro
409 2308 469 2348 D.
490 2308 616 2362 Rege
645 2324 695 2350 se
717 2300 955 2361 fdcturum
979 2317 1202 2363 promisit.
1250 2311 1439 2352 Deside-

169 2373 373 2416 raremus
403 2378 661 2429 admodum,
693 2379 814 2431 qvod
837 2380 950 2420 idem
977 2380 1214 2420 Ladislaus
1238 2395 1323 2433 per
1354 2395 1435 2421 vos

165 2449 363 2485 mitteret
393 2447 518 2486 nobis
549 2461 786 2496 coronam,
811 2457 952 2501 prout
978 2454 1243 2500 promisisse
1272 2455 1437 2501 ipsum,

165 2511 287 2553 nobis
312 2528 396 2565 per
425 2518 537 2554 alias
567 2520 726 2557 literas
764 2522 1076 2570 rescripsistis.
1148 2516 1195 2571 a)
1227 2517 1436 2574 viguisse

166 2580 288 2645 apud
317 2594 405 2642 nos
430 2597 609 2637 qvoqve
642 2585 752 2626 dum
782 2584 950 2629 Sacrae
983 2586 1304 2639 Inqvisitionis
1337 2584 1438 2626 offi-

167 2646 290 2685 cium
333 2662 387 2690 ex
429 2651 481 2690 iis
527 2652 708 2703 disces,
758 2668 872 2708 qvae
919 2655 1075 2708 scripsi
1117 2656 1163 2696 in
1204 2656 1432 2697 Amoenit.

175 2712 280 2758 hist.
311 2715 434 2758 Eccl.
464 2719 615 2779 Hung.
650 2720 871 2768 fasciculo
902 2724 982 2768 ΙΙΙ.
1015 2737 1142 2767 num.
1174 2725 1233 2770 ΙΙ.
