1779 3128
260 204 327 261 58
854 204 1036 223 “““““““““

260 330 428 369 morte
465 318 727 366 Francisci
778 315 840 366 de
879 318 1332 385 Frangepanibus‚
1387 336 1540 368 nemo
1581 337 1633 368 e-

261 411 358 447 rat.
397 400 452 460 i)
525 398 655 445 Item
684 397 865 464 probat
889 401 1222 447 assertionem
1248 415 1418 446 meam
1438 436 1451 457 ,
1485 416 1637 466 prae-

262 479 431 525 sentia
467 477 667 524 Ioannis
704 476 978 525 Kolosvziri
1018 476 1391 527 Chanadiensis
1430 479 1642 545 Episco-

259 560 312 623 pi
336 593 350 614 ‚
389 567 439 604 et
477 554 716 605 Andreae
754 556 950 605 Dudith
1003 557 1244 624 Episcopi
1282 557 1638 619 Tininiensi53

261 634 479 699 qvibus‚
530 638 760 683 omnium
799 636 1059 684 Ecclesiae
1110 637 1432 702 Hungaricae
1483 637 1637 685 Prae-

261 714 426 762 sulum
462 717 671 763 nomine
723 713 788 762 ad
840 714 1105 780 Synodum
1140 714 1509 764 Tridentinam
1548 716 1638 764 de-

260 795 496 853 stinatis,
545 785 761 859 pensum
813 811 1021 858 qvoqve
1070 797 1319 844 viaticum
1369 795 1432 843 ab
1468 799 1639 861 singu·

259 871 323 919 lis
346 909 360 930 ,
414 876 467 920 in
504 872 600 921 hoc
631 872 965 920 Tirnaviensi
995 873 1228 921 Concilio
1257 874 1638 941 praesentibus,

259 948 599 1001 offerebatur.
636 952 697 1014 k)
772 953 847 1000 Ac
887 951 1133 1000 Tridenti
1171 951 1386 1016 qvidem
1424 969 1638 1018 congre·

261 1043 409 1097 gatos
466 1032 560 1079 ΡΡ.
612 1030 938 1079 Dudichiano
990 1034 1257 1088 sermoni,
1298 1049 1400 1095 qvo
1437 1031 1646 1079 Praesu-

259 1111 367 1159 1-21111
408 1110 671 1158 Ecclesiae
713 1111 1036 1176 Hungaricae
1072 1127 1164 1177 per
1202 1128 1321 1159 eum
1358 1111 1638 1165 excusaba-

261 1202 344 1239 tur
400 1190 634 1238 absentia
669 1227 683 1248 ,
742 1193 941 1256 penitus
992 1193 1319 1254 aeqvievisse
1367 1194 1640 1248 novimu52
1705 1177 1707 1183 ἲ

258 1269 322 1331 l)
367 1286 547 1317 verum
589 1268 716 1333 qvid
751 1272 804 1317 in
855 1281 1084 1318 nostrate
1122 1267 1333 1335 Synodo
1365 1305 1380 1328 ‚
1433 1280 1642 1335 praeter

259 1365 396 1399 nunc
425 1359 747 1409 memorata,
785 1348 936 1396 fuerit
968 1347 1294 1409 conclusum,
1328 1351 1641 1415 ignoramus.

1740 598 1752 630 ’1

1741 629 1753 648 ‘-

816 1489 867 1561 ς).
939 1494 1083 1544 XXI.

467 1629 687 1706 Sytzod.
739 1627 993 1686 Tirnae.
1039 1627 1238 1687 MDC
1241 1629 1430 1685 XXX.

398 1789 575 1837 Petrus
623 1789 686 1836 de
728 1805 920 1854 genere
979 1789 1240 1838 Comitum
1301 1787 1524 1835 Pazman
1578 1784 1645 1835 de

262 1868 455 1918 Panasz
506 1867 755 1916 Varadini
803 1879 982 1926 natus,
1036 1869 1087 1914 in
1127 1865 1320 1914 Ordine
1368 1865 1638 1914 Societatis

262 1950 376 1998 Iesu
412 1951 634 2015 primum
658 1947 937 2003 SacerdOS,
974 1943 1164 1994 deinde
1188 1961 1321 1992 anno
1362 1944 1500 1992 1616.
1525 1960 1659 2008 cum,

265 2039 458 2077 annutu
512 2026 773 2075 Pontificis
816 2026 956 2074 Pauli
1009 2025 1071 2081 V.
1108 2024 1431 2091 praepositus
1468 2023 1528 2072 Β.
1565 2023 1643 2074 Μ.

1505 2102 1569 2151 V.

319 2238 374 2290 i)
405 2238 523 2293 Lege
556 2238 649 2280 RR.
680 2239 910 2286 virorum,
940 2237 1130 2295 Georgii
1154 2236 1280 2291 Pray
1310 2234 1496 2288 specim.
1519 2232 1645 2273 Hier.

374 2307 525 2362 Hung.
559 2316 688 2359 parte
720 2307 775 2350 Π,
807 2321 851 2360 p.
883 2321 953 2361 79.
986 2315 1033 2348 et
1060 2304 1279 2358 Stephani
1310 2307 1491 2346 Katona
1521 2301 1636 2344 Hist.

373 2375 575 2426 Metrop.
608 2375 765 2418 Coloc.
797 2375 918 2418 Eccl.
953 2383 1083 2428 parte
1116 2373 1172 2414 ΙΙ.
1207 2369 1245 2429 §.
1276 2371 1369 2410 XV.
1430 2368 1479 2421 k)
1515 2368 1638 2424 Lege

375 2456 447 2493 ap.
479 2439 686 2497 Peterffy
719 2443 796 2483 cit.
824 2451 985 2495 parte,
1016 2454 1120 2496 pag.
1157 2453 1248 2494 133.
1304 2437 1354 2492 l)
1387 2437 1509 2493 Lege
1541 2448 1645 2478 ora-

376 2509 553 2553 tionem
587 2509 803 2550 Dudichii
827 2539 842 2559 ‚
873 2510 995 2562 apud
1035 2504 1307 2549 Peterffium
1347 2506 1402 2546 T.
1444 2506 1501 2548 ΙΙ.
1543 2518 1647 2560 pag.

378 2588 476 2629 428.
511 2587 557 2618 et
586 2591 710 2631 seqq.
742 2578 1027 2631 Responsum
1074 2588 1183 2616 vero
1215 2575 1307 2618 ΡΡ.
1338 2572 1641 2614 Tridentinb·

377 2658 509 2693 rum,
549 2655 642 2688 tam
684 2646 747 2685 ibi
789 2659 894 2703 pag.
934 2656 1031 2697 432.
1074 2657 1208 2697 qvam
1248 2656 1321 2696 ap.
1365 2642 1463 2698 Ign.
1507 2640 1553 2684 C.
1583 2638 1641 2680 de

366 2711 606 2771 ,Batthycin
637 2716 684 2757 in
715 2713 835 2758 Serie
866 2714 978 2769 Epp.
1012 2712 1211 2756 Chanad.
1244 2724 1350 2770 pag.
1385 2723 1477 2768 153.
1503 2759 1507 2761 Α
