1779 3128
676 198 860 216 ·--·
1366 202 1458 248 127

79 311 286 379 Synodo
325 321 495 360 actum
534 319 609 358 est
632 345 646 368 ,
683 310 770 357 vel
807 313 990 376 periit,
1047 311 1134 360 vel
1171 314 1222 360 in
1261 311 1456 359 scriniis

82 392 438 462 consepultum
477 394 630 438 iacet.

672 545 723 618 §.
795 550 858 601 L.

295 690 441 766 Syn.
490 686 683 761 Strig.
730 685 1261 746 MCCCCXCJJL·

220 849 350 897 Cum
386 849 702 916 Hyppolitus
730 849 953 896 Estensis
973 885 987 906 ‚
1025 848 1146 897 Dux
1171 842 1462 910 Ferrariam

81 946 140 977 ac
179 930 411 995 Reginae
449 929 697 977 Beatricis
735 927 971 976 Mathiae
994 927 1221 976 Corvino
1244 940 1460 996 nuptae,

82 1027 143 1057 ex
196 1026 369 1057 sorore
423 1025 629 1075 nepos,
672 1008 738 1056 ob
790 1019 1015 1056 aetatem
1065 1008 1356 1075 puerilem,
1407 1012 1460 1057 in

82 1105 185 1153 qva
223 1090 577 1154 Strigoniensis
616 1087 875 1136 Ecclesiae
910 1086 1307 1137 Administrator
1337 1079 1460 1137 con-

4 1187 8 1192 ’
83 1171 316 1225 stitutus,
373 1178 422 1214 et
478 1167 542 1214 ab
595 1169 896 1216 Innocentio
943 1167 1080 1217 VIII.
1130 1166 1302 1234 Papa,
1340 1170 1461 1217 M'a-

80 1247 216 1296 thiae
253 1245 596 1293 offensionem
633 1249 861 1303 vitante,
917 1263 1049 1295 anno
1095 1255 1234 1309 1489.
1272 1249 1460 1296 confir·

79 1337 278 1384 matus,
333 1341 392 1374 ac
429 1325 548 1372 dein
599 1341 693 1391 per
729 1324 1081 1375 Alexandrum
1117 1327 1203 1376 VI.
1241 1328 1373 1375 tituli
1412 1328 1460 1377 S.

79 1406 277 1454 Luciae
330 1409 381 1453 in
435 1405 590 1453 Siliee
655 1404 945 1454 Cardinalis
997 1407 1263 1456 Diaconus
1323 1426 1458 1457 anno

86 1501 227 1547 1492.
267 1497 498 1542 creatus,
551 1502 764 1534 munere
804 1503 947 1534 sacro
987 1485 1200 1553 defungi
1237 1487 1461 1539 necdum

79 1576 287 1631 posset:
329 1565 656 1630 praepositus
696 1566 742 1613 S.
782 1565 993 1633 Georgii
1029 1567 1093 1616 de
1129 1567 1282 1616 viridi
1321 1585 1460 1616 cam-

79 1662 148 1711 po
185 1645 554 1710 Sti-igoniensi‚
602 1643 834 1694 Thomas
885 1645 950 1694 de
999 1644 1233 1696 Ibafalva
1270 1649 1458 1708 dietus,

80 1743 200 1773 mox
252 1742 385 1772 anno
439 1737 722 1788 seqvente‚
776 1743 876 1789 qva
911 1726 1144 1774 Vicarius
1184 1727 1459 1776 Generalis

39 1805 342 1854 .Ecclesiae
394 1805 758 1870 Strigoniensis
790 1842 804 1863 ‚
859 1805 1241 1856 provincialem
1293 1807 1458 1874 Syno-

82 1883 206 1932 dum
261 1884 506 1949 Strigonii
558 1884 875 1944 celebravit,
931 1886 1203 1953 principali
1254 1904 1343 1936 suo
1381 1891 1460 1935 in-

80 1958 232 2012 terim
272 1966 322 2010 in
361 1963 487 2011 urbe
527 1962 766 2011 Romana
805 1978 1176 2015 commorante.
1213 1967 1272 2028 x)
1364 1967 1458 2033 Sy-

77 2044 202 2091 nodi
256 2047 362 2090 eius
411 2041 620 2091 decreta
669 2047 821 2091 nimis
872 2061 1091 2104 manca,
1143 2049 1282 2112 typis
1321 2048 1460 2095 edita

79 2121 289 2170 fuerunt
329 2140 354 2170 e
394 2120 583 2170 chartis
623 2139 777 2170 manu
816 2127 1070 2184 exaratis,
1109 2128 1159 2172 in
1202 2143 1326 2191 qvas
1362 2142 1459 2192 pro

4 2257 6 2260 v
78 2201 312 2250 Pe'terf'fii
367 2200 627 2250 desiderio
676 2203 926 2252 translata
978 2204 1185 2254 fuerant
1241 2224 1268 2254 e
1323 2206 1458 2256 libro

79 2283 217 2346 typis
256 2298 447 2351 excuso
474 2286 693 2331 Viennae
724 2302 815 2345 per
836 2285 1070 2332 Ioannem
1102 2289 1455 2354 lsz'7zissterburg‚

82 2377 206 2405 cura
242 2371 290 2406 et
330 2367 555 2421 expensis
597 2364 648 2410 T
642 2364 878 2410 heobaldi
908 2366 1100 2428 Fega,
1140 2368 1371 2425 librarii,
1410 2380 1460 2415 et

81 2441 298 2485 concivis
332 2443 581 2488 Budensis
601 2478 615 2501 ‚
652 2461 782 2490 anno
810 2445 995 2492 salutis
1026 2456 1170 2506 1494.
1208 2449 1287 2494 die
1318 2466 1460 2511 quar-

378 2530 381 2531 ’
1336 2538 1391 2574 ta

138 2649 190 2703 x)
222 2650 432 2691 Desurnsi
473 2651 584 2695 haec
626 2669 681 2696 ex
725 2656 957 2698 Schmitth
996 2660 1044 2702 A.
1085 2660 1195 2713 Epp.
1236 2657 1370 2713 Strig.
1413 2663 1460 2696 et

194 2716 307 2770 ΕΜ),
339 2719 443 2775 Agr.
475 2721 530 2764 T.
560 2723 618 2764 ΙΙ.
648 2737 692 2777 p.
727 2738 814 2779 193.
849 2740 976 2792 seqq.
