1779 3128
675 224 862 241 -..
1403 228 1468 276 25

91 354 302 395 eruere,
342 346 455 384 acta
479 333 759 402 Synodalia
791 338 969 399 utiqve
1007 351 1108 383 non
1147 332 1299 384 vidit.
1372 334 1467 383 Illa
1542 390 1545 394 ,

90 435 212 471 vero
247 417 577 483 expressione
619 432 770 470 usus,
812 415 951 478 qvod
989 413 1203 481 dignum
1254 417 1346 473 sit,
1385 426 1460 473 ut,

94 503 176 564 qvi
203 502 263 546 de
314 500 663 544 consvetudsne
710 499 1258 563 Archi-Episcoporum
1298 497 1461 560 Syno-

87 581 164 626 dc's
186 578 502 639 interfuere,
544 577 652 622 eius
683 578 921 639 paginam
944 577 1190 622 subeant:
1232 577 1353 622 satis
1386 576 1462 622 in-

86 656 228 713 nuit,
267 671 367 702 non
405 671 490 701 eos
519 654 799 710 duntaxat,
840 669 967 716 qvos
1004 655 1054 699 in
1092 652 1295 718 syllabo
1324 670 1463 701 com-

84 735 382 801 parentium
420 733 485 781 ad
531 730 660 780 hanc
698 730 964 797 Synodum
1017 742 1322 797 repererat,
1372 732 1463 781 sed

86 824 283 862 ceteros
323 816 507 871 etiam,
560 813 648 875 qvi
674 803 914 876 'Synodis
955 809 1465 876 Archi-Episcopali-

83 892 176 942 bus
216 894 461 940 interesse
491 901 901 949 consveverunt‚
938 892 991 938 in
1023 907 1234 937 censum
1267 906 1462 937 assum-

82 983 162 1020 tos
200 970 262 1018 ab
301 970 390 1017 illo
428 970 602 1018 fuisse.
675 969 908 1035 Qvorum
950 972 1161 1017 nomina
1199 971 1392 1035 partim
1431 987 1457 1018 e

83 1051 433 1101 monumentis
469 1048 722 1097 historicis
777 1051 947 1107 eruit,
995 1051 1191 1115 partim
1233 1061 1308 1098 est
1345 1066 1463 1097 con-

82 1131 292 1177 iecturis
327 1139 651 1192 asseqvutus.
731 1129 789 1176 In
838 1127 1185 1194 adpellatione
1230 1145 1358 1177 vero
1399 1129 1465 1195 Q.

82 1207 418 1255 Ecclesiensis
479 1207 724 1273 Episcopi
790 1220 929 1255 certe
978 1209 1231 1255 memoria
1284 1207 1461 1274 lapsus
1504 1261 1510 1267 .

1 1325 3 1327 .
79 1298 191 1347 est,
245 1303 361 1334 cum
400 1303 459 1334 eo
512 1297 749 1352 ternpore
786 1302 888 1334 non
929 1286 1184 1345 Panium,
1240 1286 1334 1336 sed
1378 1286 1467 1337 Jo-

77 1365 202 1414 bum
237 1366 522 1431 praefuisse
559 1365 678 1413 huic
725 1364 1027 1425 Ecclesiae,
1077 1366 1139 1413 ab
1178 1367 1294 1417 RR.
1331 1367 1459 1416 Kol-

75 1443 186 1493 lero
237 1446 299 1493 sit
352 1443 781 1493 demonstratum.
836 1445 897 1507 n)
982 1444 1289 1512 Assignatus
1329 1464 1458 1511 qvo-

80 1541 181 1588 qve
231 1522 500 1589 diplomati
555 1523 882 1590 Stephanaeo
946 1523 1088 1590 apud
1156 1525 1462 1575 Pe‘terffium

76 1619 238 1650 annus
263 1602 419 1650 MIX.
455 1601 595 1651 haud
620 1603 870 1654 subsistit.
944 1603 1079 1652 Nam
1107 1605 1318 1654 Sanctus
1341 1605 1466 1654 Rex

72 1685 127 1729 in
165 1685 275 1748 ipso
313 1693 454 1730 textu
491 1680 789 1748 diplomatis
826 1687 1028 1749 inqvit:
1069 1683 1227 1750 Qvod
1265 1686 1327 1733 ab
1366 1702 1458 1733 an-

71 1778 137 1810 no
169 1761 376 1811 MXIX.
426 1763 806 1811 Monasterium
853 1766 908 1811 in
958 1763 1124 1812 insula
1157 1763 1457 1813 Zaladiensi

74 1844 138 1889 sit
174 1841 482 1901 fundatum3
525 1859 629 1907 qvo
668 1859 806 1891 anno
843 1842 1078 1910 diploma
1112 1861 1321 1908 qvoqve
1361 1842 1488 1893 ἀει-ι

73 1933 182 1970 tum
220 1939 361 1980 esse,
398 1924 584 1970 coniici
620 1934 793 1988 potest
830 1922 985 1983 inde,
1036 1924 1175 1988 qvod
1227 1923 1359 1971 alius
1399 1926 1452 1975 in

75 2001 176 2049 fine
215 2000 352 2049 haud
388 2014 716 2068 apponatur3
765 2014 849 2063 et,
900 2002 1036 2069 qvod
1072 2014 1203 2052 teste
1243 2005 1429 2052 eodem

73 2080 159 2128 ubi
212 2080 520 2147 perductum
575 2093 651 2130 est
706 2082 772 2131 ad
836 2084 995 2131 finem
1044 2084 1449 2144 Monasterium,

71 2158 300 2209 Ecclesia
338 2160 493 2209 fuerit
532 2164 585 2209 in
618 2161 868 2212 honorem
896 2162 1324 2213 Sancti.Adriani
1361 2164 1455 2213 de-

73 2238 258 2290 dicata.
299 2240 358 2305 ο)
433 2240 618 2308 Qvod,
656 2260 773 2292 cum
809 2254 940 2292 teste
971 2242 1213 2293 chronico
1252 2244 1456 2295 saeculi

1257 2324 1376 2374 XII.

125 2460 177 2518 n)
204 2463 255 2504 In
284 2462 388 2507 hist.
421 2468 533 2520 Epp.
567 2467 761 2523 Qvinqv‚
792 2468 841 2510 T.
871 2469 929 2511 ΙΙ.
963 2483 1069 2527 pag.
1097 2482 1188 2523 150.
1220 2482 1347 2523 seqq.
1386 2468 1438 2523 ο)

179 2529 366 2586 Legitur
406 2533 492 2576 hoc
523 2535 730 2588 diploma
770 2551 839 2591 ap.
881 2540 1038 2581 Franc.
1071 2538 1297 2580 Adamum
1329 2537 1438 2580 Kol-

178 2594 283 2646 loir,
321 2600 366 2641 in
405 2602 518 2647 Hist.
559 2604 801 2657 diplomat.
844 2606 1124 2650 Patronatus
1166 2609 1247 2660 Ap.
1296 2607 1350 2647 R.
1382 2606 1436 2646 H·

175 2664 298 2705 libro
328 2670 383 2711 II.
414 2683 510 2724 cap.
540 2684 580 2724 4⁴
610 2683 657 2713 et
687 2683 875 2727 praeter
907 2674 1059 2725 alios,
1103 2689 1177 2730 ap.
1208 2675 1303 2722 ΗΒ.
1335 2673 1438 2719 ΚΟῙ“

182 2732 259 2794 ler
285 2734 361 2779 cit.
394 2748 468 2792 op.
496 2739 548 2783 T.
577 2741 610 2786 I.
643 2754 745 2801 pag.
778 2750 846 2791 81.
