1811 3128
310 163 362 211 18
882 163 1067 181 ·“““·“-“

305 298 399 329 non
448 278 728 336 audierint,
781 277 881 339 (jose
916 287 1066 325 exeat
1090 295 1122 336 ,’
1157 287 1206 324 et
1255 278 1670 326 Archi-Diacono

304 377 388 406 eos
423 366 657 422 accuset,
710 359 792 419 qvi
832 360 902 403 eis
941 361 1297 419 poenitentiam
1346 369 1529 420 septem
1564 360 1668 404 dle-

305 441 397 485 hus
433 439 677 500 iniungat.
764 438 959 501 Quodsi
988 439 1090 498 ipse
1128 439 1407 502 Presbyter
1443 455 1535 483 non
1568 439 1674 483 exi·

307 520 433 577 erit,
483 516 546 563 ab
591 516 761 578 officio
804 519 1137 578 suspendatur
1165 553 1181 578 .,
1244 527 1295 564 et
1339 518 1674 579 quadraginta

1500 597 1597 640 die-

421 764 576 807 ritatis
595 793 609 815 ,
639 765 728 806 iam
759 773 969 820 tempore
1000 765 1040 810 S.
1069 767 1202 809 Pauli
1234 769 1314 821 Ap.
1346 779 1372 807 a
1403 764 1674 806 Christianis
1694 784 1711 798 s

417 831 751 887 freqventatam
775 864 788 882 ,
818 844 869 875 ut
899 835 1037 876 docet
1071 835 1164 876 eius
1196 834 1391 888 epistola
1434 849 1468 876 1.
1501 834 1557 874 ad
1590 833 1674 873 Co-

416 902 559 946 rinth.
600 905 698 955 ceip.
739 903 816 948 XI,
864 916 918 943 ac
959 903 1080 955 apud
1121 915 1201 942 nos
1234 894 1410 955 qquve
1441 902 1677 949 usitatam,

415 969 562 1010 veluti
593 970 731 1010 docet
762 971 884 1013 decr.
915 970 956 1010 S.
982 968 1134 1023 steph.
1168 969 1290 1013 libro
1311 970 1366 1011 ΙΙ.
1397 981 1495 1021 cap.
1527 983 1567 1022 7.
1585 969 1667 1009 ubi

417 1049 506 1078 vox
539 1036 630 1088 ipsa
651 1051 791 1089 agape
811 1037 1035 1078 occurrit.
1095 1036 1229 1092 Qvod
1248 1036 1304 1077 de
1324 1036 1538 1079 Kalendis
1566 1049 1677 1077 con·
1744 1080 1745 1083 Ἴ

419 1103 601 1155 stitutio
644 1113 822 1148 nostras
869 1103 1045 1153 habet,
1097 1104 1290 1158 perinde
1332 1103 1677 1157 explanandum

416 1179 508 1212 est:
540 1170 767 1212 Kalendae
797 1172 918 1226 apud
947 1172 1119 1213 latinos
1142 1201 1155 1220 ,
1187 1172 1284 1212 dies
1315 1172 1462 1224 prima
1501 1181 1569 1213 est
1600 1186 1675 1213 cu-

415 1238 603 1280 iuslibet
632 1241 827 1289 mensis,
859 1239 1068 1281 derivata
1099 1253 1156 1280 ex
1188 1240 1362 1280 Graeco
1393 1239 1564 1287 Kaleo,
1595 1253 1676 1281 seu

415 1319 558 1359 voco;
589 1321 693 1348 nam
725 1320 778 1348 eo
808 1307 882 1348 die
915 1308 1255 1359 convocabatur
1286 1307 1482 1360 populus
1506 1307 1672 1348 Roma-

418 1388 504 1416 nae
533 1376 666 1416 Urbis
698 1376 755 1417 ad
786 1375 1063 1429 Capitolium
1084 1404 1099 1424 ,
1130 1384 1181 1415 ut
1210 1375 1273 1414 ibi
1315 1389 1340 1416 a
1370 1372 1674 1416 Pontificibus

418 1443 646 1492 disceret,
687 1443 899 1496 qvidnam
941 1452 1042 1484 toto
1092 1456 1276 1491 mense,
1307 1443 1352 1483 in
1383 1444 1519 1484 rebus
1551 1443 1677 1483 Divi-

417 1510 485 1551 nis
527 1521 572 1551 et
613 1510 860 1561 civilibus,
903 1511 1134 1568 agendum
1173 1509 1398 1552 haberet.>
1455 1511 1540 1557 Die
1586 1509 1674 1552 hoc

350 1587 352 1589 ’
416 1577 597 1618 Ethnici
639 1579 785 1620 multa
824 1579 1110 1635 peragebant
1137 1608 1151 1627 ,
1205 1592 1309 1620 cum
1349 1579 1676 1632 superstitione

417 1646 665 1687 coniuncta
687 1676 700 1696 ,
739 1647 806 1688 uti
853 1648 991 1688 docet
1031 1660 1114 1687 nos
1157 1659 1304 1688 canon
1340 1660 1400 1701 13.
1436 1657 1497 1697 14.
1532 1655 1578 1686 et
1611 1649 1673 1690 16.

419 1727 553 1755 causa
584 1715 742 1756 XXVI.
776 1723 953 1769 qvaest.
987 1715 1194 1768 septima.
1253 1713 1524 1755 Sacerdotes
1549 1714 1676 1753 Hun-

418 1782 552 1838 gari,
581 1796 669 1823 nzn
701 1782 939 1832 ethnicos,
967 1795 1131 1824 verum
1161 1782 1358 1823 Judaeos
1378 1810 1392 1831 ,
1424 1780 1498 1834 qvi
1531 1780 1576 1820 in
1597 1781 1676 1821 Ca-

416 1848 566 1890 lendis
588 1879 602 1898 ,
642 1849 878 1903 peculiare
909 1849 1230 1891 holocaustum
1271 1849 1438 1890 offerre
1469 1849 1668 1889 Domino

422 1917 531 1957 iussi
563 1927 666 1957 sunt
693 1918 877 1961 Numer.
921 1919 1127 1967 XXVIII,
1161 1931 1222 1960 11.
1255 1930 1310 1957 ex
1341 1925 1471 1970 parte
1511 1916 1676 1959 imitati

423 1993 582 2032 erant,
613 1984 731 2026 illud
761 1995 914 2028 sancte
947 1986 1192 2027 observare
1219 1985 1325 2026 iussi
1356 1997 1437 2038 per
1467 1992 1672 2024 nostram

424 2053 836 2102 constitutionem,
868 2054 989 2107 qvod
1016 2066 1189 2095 canone
1220 2066 1259 2106 9.
1293 2053 1493 2093 distinct.
1525 2051 1675 2096 XLIV.
1735 2057 1739 2060 ’

422 2119 591 2161 talibus
633 2121 785 2161 verbis
832 2121 1124 2165 inculcatur:
1180 2122 1361 2172 Quando
1412 2120 1685 2172 Presbyteri

416 2203 498 2239 per
538 2187 761 2228 Kalendas
814 2193 949 2229 simul
996 2197 1257 2231 conveniunt
1297 2198 1405 2241 post
1447 2196 1680 2240 peractum

1769 1209 1774 1348 ς
1805 1295 1810 1300 ,

1772 1362 1776 1434 Ι

420 2255 627 2295 Divinum
660 2265 949 2309 mysterium,
980 2260 1038 2298 ad
1063 2264 1356 2299 necessariam
1386 2259 1680 2301 collationem,

423 2338 506 2363 an
550 2331 673 2377 qvasi
701 2327 759 2365 ad
791 2329 963 2378 plenam
996 2329 1311 2379 refectionem,
1352 2327 1434 2365 sed
1473 2330 1601 2377 quasi
1626 2323 1686 2363 ad

419 2393 651 2444 prandium
677 2423 687 2440 ‚
716 2394 778 2433 ihi
803 2397 861 2434 acl
888 2392 1062 2435 tabu'las
1093 2397 1311 2435 resideant
1334 2407 1348 2435 .·
1388 2408 1439 2433 ne
1464 2408 1546 2445 per
1577 2395 1684 2432 talia

421 2460 653 2501 Inhonesta
698 2468 897 2503 convivia
926 2478 974 2503 se
1003 2469 1183 2503 invicem
1227 2465 1451 2515 gravent:
1496 2466 1594 2514 qvt'cz
1621 2465 1683 2500 in-

424 2528 586 2566 decens
620 2538 717 2578 est,
758 2539 801 2569 et
833 2545 1102 2581 one1·osum;
1142 2545 1273 2582 saepe
1303 2535 1432 2569 etiam
1464 2527 1600 2569 *tarde
1628 2527 1689 2567 ad

425 2593 670 2637 Ecclesiam
714 2599 953 2639 redeuntes
982 2627 997 2647 ,
1037 2604 1176 2648 maius
1217 2600 1417 2638 damnum
1456 2597 1510 2637 de
1536 2608 1685 2647 repre-

1515 2664 1616 2703 hen-
