1779 3128
307 217 372 265 80
906 213 1094 246 ········*‘——-

860 321 909 393 §.
979 325 1152 377 xxx.

507 472 705 550 Caput
756 473 830 532 V.
877 474 945 532 de
986 471 1245 551 Synodis
1275 473 1484 534 Dioec.

444 648 642 716 Capitis
674 650 872 714 qvinti,
908 665 1152 696 numerus
1191 664 1232 698 1.
1270 647 1414 709 vult,
1450 649 1513 697 ad
1538 666 1682 699 rnen-
1766 664 1767 674 ¹

303 731 411 781 tem
461 727 654 797 Synodi
706 727 1090 788 Tridentinae,
1140 727 1403 795 Synodum
1458 729 1679 777 Dioece-
1758 778 1761 780 ,

307 827 487 860 sanam
534 826 629 876 per
679 807 994 874 Episcopum
1023 843 1038 866 ,
1091 807 1179 855 vel
1230 810 1338 856 eius
1377 808 1681 857 Procurato-

304 908 417 940 rem
436 926 452 949 ,
490 899 577 937 aut
612 888 879 938 Vicarium
906 885 1221 935 Generalem
1249 886 1520 937 celebrari.
1590 889 1680 936 At·
1707 934 1727 943 ,

307 986 409 1035 qve
458 967 577 1017 huic
626 983 805 1015 omnes
855 965 1080 1027 subditi,
1143 969 1381 1030 qvamvis
1433 967 1557 1015 alias
1594 985 1681 1015 ex-

302 1051 471 1114 empti
525 1050 773 1095 interesse
815 1043 1028 1094 debent.
1115 1060 1162 1094 2.
1220 1044 1411 1094 Omnes
1447 1046 1519 1095 ibi
1558 1044 1681 1095 fidei

306 1127 687 1196 professionem
736 1125 963 1174 eliciant.
1053 1122 1257 1173 Ibidem
1295 1124 1526 1174 Concilia
1560 1125 1684 1174 Pro-

305 1206 558 1255 vincialia
610 1204 1026 1271 promulgentur.
1110 1202 1500 1253 Moderationes
1554 1222 1684 1270 qvo-

306 1303 407 1352 qve
444 1283 820 1352 stipendiorum
873 1282 1155 1331 missalium
1207 1283 1357 1331 isthic
1408 1284 1520 1331 fieri
1557 1300 1680 1350 pos·

305 1377 442 1415 sunt.
529 1379 578 1425 3.
624 1364 700 1412 Ibi
751 1362 1064 1429 deputentur
1102 1361 1449 1411 Parochorum
1488 1366 1678 1413 exami-

307 1457 535 1494 natores,
604 1459 652 1500 4.
690 1441 893 1492 Ibidem
916 1441 1222 1490 Pontificum
1256 1440 1467 1490 decreta
1500 1440 1562 1490 de
1600 1459 1681 1490 rc·

304 1523 559 1581 sidentia,
609 1521 1017 1589 promulgentur.
1099 1535 1147 1580 5.
1199 1520 1552 1586 Qvaecunqve
1583 1537 1680 1587 pro

303 1606 505 1653 ratione
557 1603 803 1667 temporis
851 1598 916 1648 ad
966 1598 1292 1666 augendum,
1344 1599 1679 1656 firmandum,

307 1700 409 1747 qve
447 1683 549 1730 Dei
584 1680 780 1728 cultum
815 1681 1107 1744 pertinent,
1144 1678 1217 1727 ibi
1254 1690 1574 1738 tractentur„
1628 1680 1676 1728 6.

309 1761 714 1810 Constitutiones
746 1758 1097 1805 Diaecesanae
1126 1756 1319 1822 Synodi
1350 1758 1522 1806 taliter
1557 1775 1677 1826 pro·

309 1841 642 1907 mulgentur,
692 1847 747 1885 ut
783 1853 935 1884 nemo
990 1836 1105 1884 illas
1143 1835 1206 1884 de
1239 1835 1428 1896 Clero,
1472 1840 1678 1903 ignora-

303 1938 360 1970 re
413 1921 592 1986 possit.
680 1929 728 1977 7.
776 1915 885 1963 Fiat
939 1916 1196 1964 ordinatio
1254 1919 1305 1964 in
1354 1916 1681 1966 Dioecesana

309 1999 553 2066 Synodo,
592 2007 645 2045 ut
684 1999 736 2044 in
774 1994 973 2061 singulo
1020 1995 1271 2044 Districtu
1306 1995 1369 2044 V.
1405 1994 1678 2045 Archidia·

309 2078 515 2137 conali,
557 2076 738 2124 saltem
788 2076 968 2138 qvovis
1006 2077 1284 2132 trimestri,
1332 2074 1677 2123 Parochorum

313 2158 646 2223 congregatio
695 2153 977 2212 habeatur,
1030 2153 1116 2202 ubi
1166 2153 1229 2202 de
1281 2156 1378 2212 iis,
1431 2170 1560 2217 qvae
1610 2152 1679 2202 ad

315 2234 733 2303 promovendum
797 2231 894 2279 Dei
954 2231 1149 2280 cultum
1203 2235 1462 2299 pertinent
1494 2268 1510 2293 ‚
1561 2235 1679 2298 piae

312 2315 617 2364 collationes
654 2312 793 2361 fiant.
