1779 3128
259 191 356 243 248
848 178 1038 218 Β

256 319 498 359 octavam
546 303 788 373 Corporis
842 304 1031 367 Christi
1083 304 1386 361 celebretur,
1460 320 1503 353 2.
1542 304 1625 352 Ne-

259 391 366 452 qvis
404 385 616 447 ‘deserta
665 385 911 435 Parochia
939 424 955 447 ,
1002 386 1068 435 ad
1115 387 1269 436 aliam
1317 390 1623 453 commigret

257 466 454 530 absqve
494 464 757 513 Ordinarii
803 466 1074 525 facultate,
1125 470 1174 514 in
1211 469 1405 534 scriptis
1444 466 1626 514 obten-

255 556 323 593 ta.
409 557 457 602 3.
510 544 626 592 Duo
665 544 830 594 solum
864 547 1053 613 patrini
1094 549 1327 594 assistant
1362 546 1624 612 baptisan-

258 623 357 684 do3
412 626 498 688 qvi
544 624 676 672 libro
731 624 1023 692 baptismali
1070 642 1163 693 per
1215 625 1498 674 Parochum
1545 627 1623 671 in-

256 715 510 752 serantur.
599 719 648 760 4.
704 704 994 770 Qvotannis
1040 703 1327 752 renovandi
1390 708 1519 753 sacri
1568 705 1627 753 li-

258 800 460 847 qvores.
548 784 643 831 Pro
690 784 873 848 qvibus
909 783 1034 831 nihil
1072 782 1420 850 exigendum,
1474 799 1628 849 spon·

257 873 310 911 te
360 864 620 920 oblatum,
671 861 737 910 ad
783 866 1029 911 rationem
1084 863 1342 912 Ecclesiae
1394 863 1628 910 converti

256 943 433 991 debet.
524 957 571 1001 ,5.
612 941 806 1006 Qvodsi
859 941 1092 990 Patronis
1130 942 1477 991 Ecclesiarum
1514 957 1630 990 aca-
1748 986 1749 1008 3

257 1022 498 1079 thoiicis,
536 1031 760 1084 neqveat
802 1019 1054 1069 Parochus
1096 1021 1403 1082 obluctari,>
1431 1023 1628 1085 qvomi-

255 1119 350 1150 nus
387 1102 609 1150 cadaver
647 1100 865 1148 hominis
904 1099 1206 1159 acatholici,
1256 1099 1517 1148 Ecclesiae
1555 1102 1629 1147 in·

257 1182 484 1240 feratur,
535 1178 586 1228 id
636 1180 948 1227 dissimulari
996 1182 1230 1246 poterit,
1285 1181 1404 1244 qvin
1455 1189 1631 1227 tamen

258 1260 514 1308 Parochus
566 1260 785 1308 deducat
836 1259 1002 1308 funus.
1082 1258 1190 1306 Nec
1241 1270 1511 1326 eapropter
1563 1258 1631 1306 ibi

259 1340 452 1388 Divina
489 1349 705 1388 cessent.
779 1340 824 1388 6.
862 1338 1159 1387 Nominabit
1197 1337 1630 1403 Archiepiscopus

257 1419 408 1474 loca,
462 1418 528 1466 ad
567 1434 699 1483 qvae
751 1435 845 1484 pro
884 1416 1285 1470 Confirmatione
1322 1416 1468 1482 plebs
1506 1432 1629 1464 con-

259 1508 462 1557 currat,
512 1509 716 1563 tempus
747 1499 902 1556 item,
954 1513 1011 1545 ac
1063 1495 1349 1554 Parochos,
1388 1497 1475 1559 qvi
1513 1511 1630 1544 cum

257 1577 452 1646 populo
491 1577 624 1626 bene
661 1579 798 1643 prius
836 1579 1111 1635 instructO,
1160 1591 1461 1641 comparere
1500 1573 1630 1622 obli·

258 1668 461 1723 gentur,
530 1672 578 1718 7.
621 1657 722 1705 Ubi
759 1655 1022 1705 Ecclesiae
1059 1666 1173 1702 sunt
1211 1657 1514 1712 semirutae,
1555 1664 1631 1701 at·

262 1753 360 1799 qve
415 1737 615 1783 Divinis
666 1732 970 1801 peragendis
1025 1733 1304 1782 admodum
1353 1737 1630 1782 incommo-

262 1814 393 1862 dae:
433 1814 683 1881 deputent
723 1812 937 1862 Parochi
979 1812 1114 1861 hunc
1167 1814 1219 1859 in
1258 1813 1413 1859 finem
1450 1814 1500 1858 in
1538 1827 1630 1878 pa·

258 1911 324 1959 go
361 1895 531 1942 locum
573 1894 883 1952 honestum,
921 1892 1044 1951 ubi,
1080 1894 1120 1940 si
1156 1893 1268 1940 fieri
1303 1901 1492 1956 potest,
1527 1907 1630 1940 non

259 1972 403 2020 aliud
459 1983 771 2021 exerceatur.
859 1979 905 2026 8.
955 1971 1243 2037 Aegrorum
1279 1986 1425 2017 causa
1475 1972 1632 2037 parti-

259 2053 438 2110 culae,
475 2053 566 2099 tali
608 2055 653 2099 in
692 2067 841 2111 casu,
895 2053 947 2098 in
983 2052 1120 2098 cistis
1159 2048 1358 2097 mundis
1392 2052 1442 2096 in
1481 2052 1632 2098 sacri-

260 2135 355 2179 stia
390 2142 776 2181 conserventur.
848 2144 893 2191 9.
934 2130 988 2176 In
1025 2145 1211 2194 magno
1244 2126 1478 2175 fidelium
1512 2145 1632 2177 con-

260 2227 408 2258 cursu
447 2210 887 2276 indulgentiarum
926 2224 1108 2268 causa,
1141 2212 1191 2257 si
1221 2219 1366 2256 tanta
1400 2211 1470 2255 sic
1504 2211 1630 2255 mul-

260 2294 458 2348 titudo,
497 2302 553 2337 ιιε
592 2294 722 2338 alias
750 2301 963 2354 peccata
1000 2290 1257 2350 confiteri,
1292 2299 1340 2333 et
1375 2291 1628 2335 Euchari-

258 2373 411 2417 stz‘am
446 2388 638 2417 sumere
672 2390 765 2418 non
806 2374 1036 2432 possint,
1084 2371 1233 2414 liceat
1275 2369 1627 2429 Confessarz‘tlc,

259 2452 452 2497 alienae
496 2455 645 2496 etiam
674 2485 689 2507 ,
735 2461 939 2511 profiter
981 2465 1100 2497 suae
1141 2449 1423 2493 Parochiae
1453 2449 1622 2507 poeni-

259 2539 419 2576 tentes
457 2533 659 2587 andire,
698 2541 746 2575 et
783 2530 1062 2582 absolvere,
1096 2530 1236 2586 prius
1272 2537 1434 2572 tamen
1462 2528 1622 2572 Paro·

259 2612 402 2657 chum
422 2643 437 2669 ‚
495 2611 575 2655 vel
607 2609 916 2670 Superiorem
949 2609 1262 2671 Reltgiosum
1305 2608 1405 2653 loci
1448 2606 1622 2652 Indul-

1449 2702 1561 2749 gen·
