1779 3128
903 217 1088 235 Ι

304 219 376 262 ’44

308 337 390 375 tos
442 325 764 376 observetur.
850 328 929 390 69.
984 329 1298 392 Vinearum,
1355 341 1405 380 et
1437 346 1679 398 agrorum
1753 341 1779 387 ix

309 406 715 472 depopulatores
741 442 757 466 ,
813 411 1342 459 excommunicentur.
1431 425 1513 471 70.
1576 413 1678 478 Qvi

309 484 699 535 Ecclesiasticas
746 503 990 556 personas
1022 525 1038 548 ,
1089 500 1140 537 et
1188 489 1445 538 Ecclesias
1498 493 1677 557 oppri-

309 571 486 624 munt,
523 570 635 614 iura
662 571 880 630 ipfflrum
910 573 1224 630 occupando,
1261 573 1568 629 invadendo,
1603 573 1682 619 vel

308 649 368 692 de
389 648 545 708 facto
579 649 794 695 indebite
827 650 1128 712 aufitrendo,
1164 659 1256 695 aut
1289 652 1423 710 tpsas
1445 675 1510 682 -
1529 674 1595 683 ·—-
1614 674 1682 684 -·—·

307 723 463 777 Hisce
515 727 567 772 in
613 726 861 785 vocibus,
908 723 1138 773 nondum
1188 726 1445 791 completo
1507 743 1678 788 sensu,

307 801 497 851 desinit
527 806 839 853 constitutio.
908 805 1071 853 Huius
1099 821 1302 853 causam
1331 804 1530 854 isthanc
1558 805 1677 854 red-

307 882 385 932 dit
425 882 678 933 Odoricus
720 882 1056 949 RaynalduS,
1094 883 1234 948 qvod
1267 884 1540 934 Ladislaus
1577 885 1679 934 Cu·
1744 898 1746 933 ὲ

241 975 247 981 “
305 979 488 1011 manus
526 963 640 1011 Rex
674 963 1002 1030 Hungariae,
1040 963 1343 1013 subornatus
1382 965 1444 1012 ab
1482 967 1677 1031 impiis,
1744 962 1746 964 ’

307 1041 601 1090 Concilium
638 1042 912 1101 Budense,
952 1058 1213 1092 armorum
1253 1054 1450 1092 terrore
1487 1043 1676 1092 distur-

303 1120 548 1180 baverit,
609 1118 1042 1184 Budensibusqve
1114 1122 1312 1171 civibus
1368 1120 1572 1171 dederit
1624 1125 1678 1173 in
1747 1140 1750 1182 ς

303 1199 594 1259 mandatis,
641 1216 744 1249 non
793 1198 952 1249 modo
1005 1212 1322 1251 commeatus
1362 1206 1677 1252 necessarios
1748 1255 1751 1273 ι

305 1278 599 1346 denegandi
648 1280 884 1329 Patribus
933 1283 1253 1346 congregatis
1284 1318 1300 1339 ,
1349 1299 1533 1330 verum
1586 1281 1678 1330 hos
1750 1279 1751 1315 ἕ

303 1376 368 1407 ex
404 1359 543 1408 Urbe
581 1349 694 1426 ipsa
732 1360 1086 1426 proturbandi.
1124 1360 1187 1425 p)
1260 1360 1429 1425 Atqve
1465 1360 1561 1410 hoc
1603 1361 1677 1409 al·

303 1449 475 1488 terum
510 1441 582 1487 ita
621 1456 673 1486 se
709 1437 931 1497 habere,
968 1438 1211 1487 discimus
1250 1457 1312 1487 ex
1349 1458 1409 1488 eo
1440 1439 1674 1493 Ladislai

306 1516 629 1584 diplomate,
666 1535 800 1566 anno
839 1517 1028 1567 Christi
1063 1518 1442 1568 MCCLXXX.
1491 1522 1674 1584 qvinto

305 1595 511 1646 decimo
547 1596 807 1646 Kalendas
845 1597 1160 1664 Septembris
1198 1601 1527 1665 conscripto,
1581 1597 1704 1664 per'
1752 1582 1755 1648 ]

306 1675 483 1742 qvod,
520 1680 573 1726 in
610 1677 1015 1727 satisfactionem
1050 1676 1200 1725 huius
1238 1675 1448 1738 delicti,
1486 1677 1677 1726 offere-

302 1757 396 1807 bat
432 1757 643 1824 singulis
680 1760 827 1806 annis
864 1767 1070 1806 centum
1105 1772 1304 1804 marcas
1339 1759 1538 1822 argenti
1579 1774 1674 1823 pro

304 1835 585 1904 hospitali,
622 1834 688 1884 ad
721 1836 1075 1884 sustentandos
1107 1852 1294 1902 egenos
1315 1872 1331 1895 ,
1367 1852 1674 1902 aegrosqve,

305 1914 622 1969 suscitando.
663 1915 722 1980 q)
807 1916 1025 1963 Mancas
1062 1926 1288 1964 attamen
1324 1915 1519 1980 Synodi
1556 1931 1678 1963 con-

304 1998 631 2056 stitutiones,
682 2006 960 2062 eapropter
1007 1997 1288 2056 mansisse,
1337 2004 1391 2042 ut
1443 1992 1674 2053 credam,

1457 2071 1610 2122 indu-

360 2246 415 2303 ρ)
445 2247 513 2288 Ad
542 2247 661 2289 hunc
691 2255 918 2301 provocat
942 2244 1150 2303 Peterffy
1181 2246 1260 2289 cit.
1296 2245 1409 2287 alias
1442 2255 1584 2297 opere
1614 2242 1671 2285 T.

416 2317 451 2357 Ι.
485 2330 587 2372 pag.
623 2304 712 2361 126.
771 2317 820 2370 q)
852 2321 922 2360 Ita
962 2317 1083 2358 enim
1115 2330 1186 2369 ap.
1219 2315 1312 2357 RR.
1344 2318 1524 2356 Katona
1555 2310 1672 2353 Hist.

416 2385 518 2426 crit.
549 2384 599 2426 R.
630 2385 684 2427 H.
717 2393 842 2424 tomo
872 2385 942 2427 VI.
973 2398 1075 2441 pag.
1107 2393 1198 2436 832.
1232 2383 1278 2422 in
1319 2395 1372 2423 eo
1407 2379 1523 2434 dipl.
1555 2378 1671 2436 legi-

415 2461 515 2493 tur:
547 2455 689 2503 Qvum
732 2462 928 2505 tempore
966 2458 1086 2492 sacri
1115 2452 1320 2499 Cone—ilii,
1353 2464 1437 2502 per
1467 2463 1563 2489 ven.
1592 2462 1674 2500 pa-

414 2530 530 2561 trem
569 2521 626 2560 D.
670 2521 914 2572 thppum
935 2549 949 2568 ,
988 2519 1046 2563 D.
1083 2534 1154 2573 gr.
1198 2518 1447 2558 Fen-manum
1490 2516 1673 2569 Episco-

408 2603 546 2644 pum,
577 2588 662 2641 Al).
700 2590 824 2629 seclis
856 2590 1102 2644 Legatum,
1132 2592 1174 2626 ιή
1204 2596 1355 2627 castro
1380 2586 1674 2626 Budenside-

413 2667 552 2709 vote,
583 2667 626 2700 ec
648 2661 905 2701 solemniter
932 2657 1174 2708 celebrati,
1202 2670 1283 2697 nos
1295 2656 1496 2711 fervore
1524 2659 1675 2694 iuven-1

1543 2731 1621 2762 ju·
