1779 3128
695 147 878 175 -—-——-
900 158 903 161 -
1372 138 1467 184 227>

639 252 688 323 ς.
758 257 944 306 xciv.

369 409 535 464 Acta
579 404 779 474 illius,
824 418 885 462 et
929 406 1195 462 decreta.

232 580 542 629 Absentibus
582 583 731 645 igitur
780 579 912 638 illis,
961 579 1140 644 qvibus
1177 577 1478 626 adhaeserat

99 659 389 710 Nadasdius
415 697 430 719 ‚
480 677 611 708 anno
670 660 879 706 Domini
929 673 1079 720 2579·
1119 657 1200 706 die
1238 655 1479 713 secunda,

97 743 283 798 tertia,
338 751 386 788 et
438 751 618 803 qvarta
666 741 852 786 mensis
908 738 1163 803 Augusti,
1216 735 1482 785 celebrata.

98 819 196 867 fuit
244 818 477 885 Synodus
527 822 577 867 in
640 817 872 867 Ecclesia
928 817 1183 884 Deiparae
1233 817 1478 880 Virginis-

98 899 155 946 In
193 902 333 947 cuius
371 899 533 948 altera
567 898 833 955 Sessione‚
871 896 1077 945 decreta
1105 895 1321 943 Concilii
1353 892 1477 940 Tri-

98 978 297 1026 dentini
346 978 604 1045 publicata
643 988 789 1035 sunt,
840 993 896 1024 ac
946 993 1037 1043 per
1086 974 1385 1023 Antistitem
1424 975 1476 1019 in

98 1057 406 1124 compendio
440 1057 728 1124 explanata.
799 1057 855 1104 In
883 1058 1036 1103 tertia
1062 1070 1186 1104 vero
1214 1052 1336 1101 haec
1363 1063 1480 1100 sunt

100 1139 404 1194 constituta,
445 1148 494 1184 et
531 1135 882 1202 promulgata:
937 1150 977 1182 1.
1015 1134 1077 1181 In
1109 1131 1348 1181 domibus
1387 1132 1476 1178 Sa-

91 1216 364 1264 cerdotum
388 1226 654 1280 suspectae
691 1213 926 1262 mulieres
957 1230 1059 1261 non
1090 1211 1339 1269 habitent,
1366 1213 1477 1258 iux-

95 1307 151 1345 ta
186 1296 604 1344 constitutionem
643 1294 962 1343 Sacrosancti
993 1291 1213 1340 Concilii
1248 1288 1479 1339 Triden-

102 1377 244 1432 tini:
283 1374 529 1422 Sessionis
585 1375 797 1423 ultimae
833 1376 998 1440 capite
1035 1371 1238 1421 decimo
1277 1381 1480 1435 qvarto.

103 1470 148 1502 2.
190 1453 379 1502 Officia
426 1454 650 1514 Divina,
702 1465 751 1502 et
799 1469 975 1520 preces
1024 1450 1162 1499 horis
1200 1453 1382 1509 certis,
1427 1459 1480 1498 et

100 1535 301 1584 usitatis
339 1536 633 1583 recitentur.
706 1532 890 1581 Nullus
930 1531 1177 1581 Sacerdos
1213 1532 1310 1578 nisi
1348 1532 1478 1577 ieiu-

101 1629 196 1660 nus
234 1613 452 1660 Missam
491 1613 734 1662 celebret.
816 1607 864 1671 32
902 1611 1131 1661 Verbum
1167 1610 1267 1659 Dei
1303 1626 1480 1658 omnes

100 1689 337 1738 Pastores
365 1690 664 1757 praedicent
688 1691 897 1757 singulis
927 1691 1214 1739 Dominicis
1232 1728 1246 1747 ‚
1288 1700 1339 1738 et
1364 1689 1479 1737 aliis

100 1769 241 1819 festis
295 1768 490 1820 diebus.
578 1787 627 1828 4.
682 1771 779 1819 Pro
818 1770 1262 1819 administratione
1300 1769 1482 1816 Sacra-

97 1859 390 1897 mentorum
425 1849 591 1897 nullus
622 1867 807 1897 munus
840 1852 1010 1916 exigat
1037 1847 1326 1905 Parochus,
1359 1864 1480 1896 con-

100 1937 271 1976 tentus
305 1932 402 1976 suis
432 1928 592 1976 solitis
620 1929 972 1994 proventibus.
1042 1944 1090 1988 5.
1128 1927 1325 1976 Tribus
1349 1938 1480 1977 tem·

102 2006 313 2070 poribus
352 2010 402 2055 in
440 2025 609 2067 anno,
650 2011 688 2056 si
727 2008 1045 2072 freqventius
1073 2009 1183 2057 fieri
1219 2023 1323 2055 non
1360 2023 1479 2072 pos-

103 2088 199 2144 sit,
237 2087 290 2133 id
318 2098 426 2145 est,
461 2087 659 2135 Natalis
687 2088 920 2149 Domini,
959 2087 1238 2145 Paschatis‚
1275 2097 1325 2135 et
1347 2085 1479 2134 Pen-

101 2175 318 2213 tecostes
372 2165 438 2214 ad
485 2167 895 2227 confessionem,
940 2178 988 2217 et
1037 2168 1477 2223 communionem,

101 2241 311 2307 plebem
346 2247 568 2295 invitare
608 2235 864 2306 debeant,
915 2257 965 2295 et
1001 2248 1211 2294 omnino
1248 2261 1349 2293 non
1390 2243 1478 2293 de-

718 2326 756 2374 P
793 2342 819 2374 2
1325 2328 1407 2382 sit,
1479 2373 1488 2376 t

214 2459 322 2495 cisci
362 2457 532 2498 liceat?
579 2458 638 2499 Et
665 2489 679 2509 ,
718 2463 834 2499 inter
874 2458 1134 2512 loquendum
1158 2485 1173 2507 ,
1218 2457 1477 2498 adiecerant

215 2528 345 2562 etlam
383 2526 460 2576 id,
501 2529 620 2579 qvod
658 2542 742 2567 non
785 2529 961 2567 videant
1002 2530 1134 2567 ullam
1179 2532 1474 2566 necessariam

215 2605 421 2640 causam,
447 2604 633 2645 propter
664 2610 791 2647 qvam
824 2598 898 2635 vel
924 2609 1210 2647 comparere,
1241 2597 1316 2634 vel
1341 2609 1366 2633 α
1385 2593 1476 2632 Do-

212 2663 446 2701 minativne
477 2671 629 2704 vestra
658 2663 756 2704 Εἶτ’.
793 2679 868 2705 eus
897 2669 1052 2705 vocari
1079 2668 1138 2705 sit
1167 2676 1365 2705 necesse,
