1779 3128
679 207 863 226 ¹¹¹—
1391 209 1454 259 39

680 228 861 239 0-——4‘

7 379 11 398 ς
57 324 250 390 -cipere
299 318 659 387 prohihentur.
744 321 824 379 36.
875 321 1091 370 Praelati
1134 318 1452 385 qvicunqve,

10 427 13 430 ⁴
83 403 215 454 bona
263 400 476 450 mobilia
527 401 591 450 ad
638 400 893 449 Ecclesias
922 438 937 460 ,
998 401 1085 449 vel
1133 402 1455 449 Monasteria

6 477 8 483 ’
60 483 400 548 ,ερεοῐᾶηῖὶᾶ,
451 481 645 546 absqve
698 482 976 546 superioris
1024 491 1251 538 annum,
1302 495 1454 545 prae-

63 571 315 625 ,terqvam
365 563 415 608 in
454 562 654 609 casibus
701 573 728 607 a
776 562 886 607 iure
937 562 1218 625 expressis,
1272 561 1325 621 i)
1362 558 1454 605 ab·

60 641 309 690 ,alienare
362 652 624 690 vetantur.
723 653 804 699 37.
860 640 1119 688 Ecclesiae
1181 655 1276 703 per
1335 653 1451 685 suos

76 719 376 780 Praelatos,
425 720 777 769 exactionibus
830 719 1068 767 indebitis
1117 735 1181 766 ne
1230 733 1452 784 graven-

65 811 176 850 tur.
245 809 325 857 38.
362 800 757 858 Archidiaconi,
793 798 940 847 velut
979 797 1042 846 de
1076 796 1451 847 consvetudine

77 881 362 929 multarum
411 881 789 937 Ecclesiarum,
842 877 1093 926 habentes
1139 875 1452 926 iurisdictio-

77 976 232 1019 nem,
272 977 449 1009 causas
485 962 838 1019 matrimonii,
889 969 938 1007 et
976 958 1133 1016 alias,
1185 957 1452 1014 audiendi,

80 1039 441 1098 examinandi,
477 1037 892 1103 decidendiqve,
939 1054 1042 1085 non
1080 1048 1233 1085 antea
1272 1053 1452 1085 mune·

78 1123 119 1167 ri
159 1119 276 1167 huic
314 1118 719 1176 admoveantur,
759 1135 913 1182 qvam
952 1120 1002 1165 in
1040 1120 1150 1164 iure
1191 1116 1455 1165 Canonico

77 1199 400 1246 sufficienter
436 1197 593 1246 docti.
665 1213 746 1258 39.
783 1197 1047 1246 Duntaxat
1096 1199 1329 1246 canonici
1376 1200 1454 1245 iu-

75 1280 145 1324 ris
182 1276 314 1324 bene
352 1279 555 1343 gnaris,
594 1275 841 1325 discussio
879 1293 1147 1325 causarum
1188 1279 1455 1324 matrimo-

75 1344 293 1405 nialium
353 1354 742 1405 committenda.
838 1356 1070 1421 Qvarum
1116 1354 1317 1415 iudex,
1366 1355 1454 1404 vel

74 1438 220 1501 ipse,
271 1433 359 1483 vel
407 1452 503 1501 per
549 1436 710 1484 alium
760 1433 1072 1493 discretum,
1120 1438 1453 1501 peritumqve

75 1516 233 1573 iuris,
281 1526 437 1563 testes
486 1513 818 1564 examinabit.
903 1531 983 1571 4ο.
1021 1516 1204 1565 Irritae
1243 1518 1342 1563 sint
1379 1519 1454 1563 in-

77 1591 388 1654 hibitioneS,
439 1606 488 1644 et
541 1594 802 1660 qvaelibet
836 1593 1247 1643 machinationes
1299 1595 1453 1643 Prae·

77 1673 332 1732 latorum,
367 1691 462 1740 per
499 1690 622 1738 qvas
662 1691 722 1722 eo
760 1673 1063 1733 collimant,
1102 1691 1166 1721 ne
1202 1691 1298 1740 per
1334 1675 1453 1723 sub·

69 1751 207 1814 vditos
256 1769 435 1801 eorum
482 1753 699 1820 culpae,
748 1753 1097 1821 superioribus
1133 1754 1453 1805 revelentur.

73 1848 157 1889 41.
194 1832 425 1899 Excepto
461 1831 662 1881 hostilis
695 1836 958 1893 incursus,
995 1834 1084 1881 vel
1111 1833 1338 1882 incendii
1362 1852 1453 1901 pe-

75 1911 272 1970 riculo,
325 1911 469 1960 nulla
519 1913 788 1979 supellex,
837 1924 1048 1980 praeter
1100 1930 1299 1963 sacram
1332 1951 1346 1972 ,
1398 1918 1450 1963 in

75 1981 318 2039 Ecclesiis
355 2003 712 2042 conservetur.
796 2008 876 2049 42.
927 1993 1174 2051 Parochi,
1210 1994 1452 2043 ritualem

74 2069 298 2129 librum,
341 2082 392 2119 et
433 2071 559 2119 alios
598 2070 664 2120 ad
712 2071 943 2121 officium
982 2073 1237 2121 Divinum
1275 2090 1454 2123 neces·

74 2153 267 2209 sarios,
315 2150 557 2200 habeant.
636 2164 717 2209 43.
772 2151 1000 2200 Peractis
1048 2153 1284 2212 Divinis,
1322 2152 1453 2202 dila-

0 2235 5 2240 “
76 2246 277 2296 Ρεσφέ
314 2230 543 2297 popuIO,
593 2230 858 2280 Ecclesiae
905 2231 1228 2282 claudantur.
1315 2232 1453 2282 Cho-

78 2327 190 2358 reas
227 2309 447 2369 ducere,
485 2311 810 2376 profanaqve
848 2322 1070 2360 tractare
1107 2315 1159 2360 in
1184 2312 1452 2372 Ecclesiis,

79 2401 284 2437 cautum
333 2402 459 2439 esto.
552 2390 737 2455 Neqve
791 2391 1012 2457 profana
1071 2390 1310 2440 aedificia
1360 2410 1453 2459 po-

81 2481 265 2518 nuntor
296 2471 399 2529 ibi,
437 2488 531 2521 nec
568 2472 718 2520 fimus
758 2488 960 2521 eorsum
997 2471 1334 2524 convehatur.
1371 2488 1450 2529 44.

1308 2552 1386 2601 Ne

135 2650 182 2704 i)
218 2654 408 2697 Consule
448 2670 599 2699 meum
641 2658 709 2703 ius
749 2659 982 2716 privatum
1031 2658 1156 2703 Eccl.
1213 2659 1364 2714 Hung.
1408 2655 1448 2714 §-

189 2725 291 2774 556·
