1779 3128
303 231 400 280 812
900 233 1091 256 ''¹¹¹“-
1160 245 1165 247 ·

319 359 377 396 τα
410 349 602 395 decima
636 349 818 395 mensis
849 350 1077 409 Aprilis,
1108 346 1178 414 y)
1214 359 1266 399 at
1300 350 1405 398 iam
1441 366 1613 411 exeso,
1644 362 1696 403 et
1739 367 1741 370 ·

311 427 513 477 lacunis
546 424 740 475 hiante.
809 425 1001 476 Verum
1037 428 1401 478 celeberrimus
1436 432 1553 488 vir,
1605 448 1692 479 cu·
1726 423 1755 490 ’ξ

310 510 390 556 ius
432 506 631 554 obitum
664 504 938 573 deplorant
973 507 1199 568 eruditi,
1237 508 1471 558 Michael
1506 509 1691 571 Denis‚

311 586 369 649 z)
410 589 462 634 in
499 601 658 651 opere
695 602 789 634 suo
825 589 1084 636 teutonice
1119 590 1444 655 conscripto,
1499 590 1555 652 a)
1596 607 1691 638 no-

311 668 474 724 tavit,
523 681 677 732 posse
712 664 924 714 lacunas
975 678 1182 716 nostrae
1222 667 1418 733 Synodi
1454 669 1689 735 perfecte

312 745 550 812 suppleri
596 760 692 811 per
743 749 1138 795 Constitutiones
1174 747 1457 813 Synodales
1507 753 1686 797 Almae

311 829 575 876 Ecclesiae
606 826 1002 890 Strzgonz'ensis,
1052 842 1185 890 qvae
1222 824 1419 890 absqve
1455 826 1553 876 loci
1576 864 1590 886 ‚
1643 839 1695 877 et

315 907 437 953 anni
470 902 805 971 adnotatione
828 940 843 963 ,
880 906 934 952 in
974 916 1158 968 qvarto
1207 904 1305 967 (ut
1343 906 1571 970 vocant)
1611 918 1693 971 ty-

307 987 389 1052 pis
428 981 631 1043 editae,
681 984 734 1031 in
782 982 1037 1031 Caesarea
1083 981 1412 1031 Bibliotheca
1458 983 1689 1033 Viennae

313 1060 691 1110 custodiuntur.
764 1062 963 1128 Qvibus
996 1073 1226 1111 attamen
1263 1061 1707 1128 minimeindige--

307 1159 419 1189 mus
442 1177 458 1201 ‚
493 1151 771 1207 postqvam
805 1157 972 1208 nuper
1008 1141 1282 1191 didicimus
1338 1157 1367 1189 a
1422 1141 1688 1202 Pe‘terffio,

311 1236 497 1269 manca
536 1218 664 1267 haec
700 1219 869 1279 Acta,
909 1237 1042 1285 qvae
1092 1237 1219 1288 prae
1268 1220 1501 1269 manibus
1553 1238 1690 1271 nunc

314 1300 601 1357 bethenim,
655 1315 752 1365 per
800 1299 1083 1349 Nitriensia
1135 1300 1380 1362 decreta,
1433 1301 1533 1349 illis
1574 1317 1694 1349 con-

305 1397 440 1429 sona
461 1418 479 1442 ‚
517 1378 746 1445 suppleri
779 1396 949 1446 posse.
1008 1409 1011 1411 —

890 1509 941 1580 ἕ.
1010 1513 1097 1564 LI.

560 1634 707 1710 Syn.
759 1631 930 1690 Tim.
975 1653 1075 1690 an.
1121 1633 1426 1692 MDCXI.

443 1782 704 1848 Deinceps
753 1797 856 1828 non
904 1782 1110 1845 reperio
1157 1780 1420 1848 Synodum
1473 1781 1690 1828 Provin-

314 1860 499 1923 cialem
534 1860 674 1927 apud
710 1877 802 1908 nos
841 1859 1188 1918 celebratam,
1233 1877 1390 1924 usqve
1427 1858 1493 1906 ad
1526 1859 1686 1907 Fran-

316 1944 511 1989 ciscum
566 1938 794 2007 Forgach
848 1937 912 1986 de
969 1936 1240 2003 Ghymes,
1293 1950 1442 2003 patre
1485 1937 1687 1987 Comite

1545 2017 1618 2064 Si-

365 2141 420 2197 3)
449 2139 561 2182 Vide
594 2138 688 2182 eius
720 2151 794 2193 op.
825 2146 955 2192 parte
987 2138 1019 2182 I.
1050 2151 1093 2192 p.
1125 2151 1219 2191 233,
1289 2137 1337 2187 z)
1365 2135 1681 2192 Schardingae

417 2210 466 2250 in
500 2207 691 2249 Bavaria
722 2221 793 2252 an.
826 2219 946 2260 1729.
980 2207 1053 2246 die
1087 2221 1150 2260 27.
1183 2205 1304 2258 Sept.
1338 2213 1501 2251 natus‚
1533 2212 1581 2243 et
1611 2217 1682 2246 an.

419 2287 537 2330 1747.
582 2275 683 2318 Soc.
724 2276 828 2317 Iesu
868 2275 1110 2330 ingressus
1182 2273 1280 2314 Hac
1312 2271 1566 2319 dissoluta,
1596 2271 1683 2313 Pa-

414 2342 588 2387 latinae
622 2342 843 2389 Biblioth.
887 2343 1044 2385 Vienn,
1092 2339 1370 2383 Praefectus.
1441 2340 1526 2393 Qvi
1560 2347 1684 2379 cete-

416 2424 469 2452 ra
510 2411 662 2460 inter,
701 2411 883 2463 scripsit
929 2407 1260 2463 praefationem
1307 2408 1364 2448 ad
1395 2405 1680 2462 ficatalogum

417 2477 685 2528 librorum,
718 2479 792 2532 qvi
835 2477 1063 2519 habentur
1101 2476 1146 2516 in
1187 2475 1480 2516 Bibliotheca
1510 2473 1689 2529 Regni-

417 2545 602 2595 colari,
633 2555 790 2586 erecta
820 2559 845 2586 a
877 2545 922 2587 C.
954 2543 1194 2584 Francisco
1225 2540 1504 2597 Szechenyi,
1547 2541 1675 2582 cuius

414 2611 499 2653 ille
533 2613 705 2654 dudum
736 2612 973 2653 institutor
1005 2619 1117 2655 erat,
1177 2612 1300 2651 Laus
1330 2613 1562 2663 discipuli,
1589 2611 1683 2662 glo-

415 2685 480 2722 νία
512 2686 730 2734 magistri.
804 2679 852 2733 a)
904 2678 1048 2720 lViens
1097 2677 1682 2731 Buchdruckergeschicht,

415 2757 550 2803 parte
583 2763 618 2791 1.
646 2763 752 2802 pag.
783 2763 824 2804 7.
