1779 3128
758 231 941 261 ΞΣ..
1432 235 1531 280 243,

168 358 302 406 mat,
338 343 424 393 sub
473 359 641 410 poena
677 343 925 392 Beneficii
965 342 1301 392 ammittencli.
1389 341 1534 390 Obli-

163 429 300 495 gatio
335 423 574 471 solvendi
617 423 873 482 decimas,
915 442 1006 489 per
1033 422 1400 472 Tridentinam
1436 423 1530 487 Sy-

159 507 353 560 nodum
404 515 686 571 praecepta
719 541 733 562 ,
785 521 879 569 per
926 503 1177 551 Parochos
1228 502 1529 552 inculcetur.

158 587 274 634 Eius
314 602 525 648 qvoqve
562 584 882 642 Decretum,
936 583 1075 647 qvod
1112 593 1290 631 contra
1325 584 1528 639 iurium,

156 676 311 728 atqve
348 663 611 711 Bonorum
648 662 1121 710 Ecclesiasticorum
1169 674 1527 728 occupatores,

152 744 314 792 latum
356 755 464 803 est,
515 743 719 807 vulgari
755 742 930 807 lingva
966 758 1060 808 pro
1094 743 1341 798 concione
1379 758 1528 806 prae-

150 825 370 890 legatur.
459 823 630 870 Prouti
678 819 806 869 illud
856 823 1039 879 etiam,
1090 820 1227 884 qvod
1278 819 1525 868 adversus

152 904 427 961 Pati-onos,
465 902 810 949 Ecclesiarum
845 911 1233 968 patronatarum
1271 902 1380 947 iura
1417 900 1525 947 lae-

155 982 371 1041 dentes,
410 985 804 1048 pronunciatum
845 980 908 1028 ab
943 978 1126 1028 eadem
1163 977 1370 1046 Synodo
1399 991 1524 1029 erat.

149 1062 509 1111 Archidiaconi
557 1078 682 1109 vero
705 1097 719 1117 ,
767 1072 1003 1126 tempore
1041 1061 1343 1109 visitationis
1380 1059 1523 1107 inda-

148 1153 302 1209 gent,
343 1138 501 1205 qvid?
539 1152 587 1188 et
626 1140 846 1204 qvaliter
883 1156 911 1186 a
949 1138 1191 1187 Parochia
1228 1142 1292 1187 sit
1326 1139 1522 1187 aliena-

147 1218 292 1270 tum?
329 1224 470 1284 siqve
497 1221 609 1267 fieri
632 1230 821 1286 potest,
851 1219 914 1267 de
940 1221 1327 1286 recuperatione
1357 1229 1523 1267 trans-

90 1320 96 1323 *
146 1304 307 1367 igant.
379 1299 436 1346 In
486 1299 539 1347 id
590 1316 796 1363 qvoqve
835 1297 1194 1357 contendant,
1247 1309 1300 1346 ut
1344 1309 1522 1346 tenues

145 1391 458 1448 proventus,
495 1395 590 1445 per
622 1377 966 1426 Parochianos
1005 1378 1298 1436 eleventur,
1347 1381 1386 1426 si
1428 1378 1523 1426 Pa-

146 1459 328 1508 rochos
365 1457 578 1506 idoneos
616 1469 798 1524 optant
847 1456 1057 1506 habere.
1148 1470 1223 1517 19.
1261 1458 1342 1506 De
1382 1458 1522 1506 clau-

147 1555 293 1595 sura,
330 1540 656 1597 visitatione,
699 1536 1027 1585 Confessario
1056 1537 1402 1597 Monialium,
1429 1539 1521 1588 de-

145 1629 286 1666 creta
317 1615 629 1666 Tridentina
666 1628 953 1665 serventur.
993 1633 1071 1666 20.
1098 1618 1350 1683 Qvilibet,
1379 1636 1520 1666 com-

145 1695 360 1745 modum
409 1696 598 1744 habens
653 1697 972 1744 Beneficium
1006 1734 1020 1755 .‚
1073 1697 1140 1745 ad
1194 1696 1519 1747 Clericorum

145 1775 448 1823 discentium
489 1776 785 1823 alimoniam
821 1788 1108 1825 concurrat.
1203 1793 1281 1825 21.
1325 1778 1518 1827 Omnes

74 1849 78 1852 ’
142 1853 531 1912 Ecclesiastici,
596 1857 635 1902 si
682 1854 805 1918 qvid
851 1858 899 1902 in
949 1854 1100 1903 Clero
1154 1858 1516 1906 emendatione

142 1932 352 1999 dignum
391 1933 745 1991 adverterint,
797 1937 838 1982 si
891 1951 1022 1999 qvae
1076 1937 1315 1984 scandala
1364 1939 1514 1985 vide-

139 2016 268 2072 rint,
307 2017 346 2060 si
387 2015 634 2079 qvopiam
671 2012 826 2060 modo
878 2017 1155 2080 puritatem
1208 2015 1513 2082 Religionis,

146 2109 205 2141 ac
242 2109 441 2140 morum
489 2096 840 2159 integritatem
889 2097 1184 2158 promoveri
1230 2112 1378 2161 posse
1428 2114 1515 2145 co-

140 2175 450 2237 gnoverint,
498 2171 552 2219 id
592 2170 972 2238 Archipraesuli
1021 2173 1257 2222 modesto
1305 2179 1514 2242 scripto,

136 2253 282 2315 siqve
331 2254 400 2299 ita
445 2252 718 2311 videatur,
768 2255 920 2300 etiam
973 2270 1247 2319 suppresso
1283 2259 1513 2316 nomine,

140 2330 383 2396 detegere
420 2342 707 2380 teneantur.
795 2334 900 2391 Ne,
949 2338 1075 2380 siin
1117 2338 1212 2382 hac
1241 2347 1389 2398 parte
1428 2357 1512 2385 ne·
1569 2339 1574 2344 '

134 2414 379 2474 gligentes
406 2414 640 2474 fuerint,
678 2416 832 2459 aliem·
874 2416 1036 2460 errati
1078 2432 1190 2461 reos
1234 2432 1287 2462 se
1323 2421 1510 2464 consti-

135 2498 285 2535 tuant
333 2507 497 2537 coram
546 2493 693 2553 Deo,
743 2495 826 2555 qvi
868 2496 1126 2541 mandavit
1160 2499 1417 2560 um'cuiqve
1449 2500 1509 2543 de

125 2585 359 2629 proaelmo
391 2586 500 2617 suo.

765 2731 809 2798 Q
849 2748 875 2780 2
1268 2731 1317 2803 §.
1356 2735 1436 2787 CI.
