1779 3128
679 202 862 234 zzz
1360 189 1451 250 167·

0 312 10 345 '-
83 315 229 382 Qvae
268 313 544 362 constituta
583 324 729 372 sunt,
769 313 1113 381 qvadraginta
1150 330 1238 364 sex
1272 328 1453 361 nume-

83 399 153 444 ris
203 392 583 450 absolvuntur,
635 410 762 457 qvos
813 394 1179 460 compendium
1231 408 1452 456 seqvens

81 472 370 523 exhibebit:
434 487 473 520 1.
522 471 654 520 Fons
701 471 1025 539 baptismalis
1077 485 1185 521 esto
1235 472 1454 521 clausus.

80 553 268 603 Claves
305 568 334 600 a
370 549 600 600 parocho
626 587 640 610 ,
687 551 775 599 vel
824 551 1108 618 Capeliano
1160 550 1454 600 custodian-

78 643 179 686 tur,
262 647 308 680 2.
360 631 515 696 Aqva
566 629 813 679 fundatur
859 648 1011 697 super
1058 633 1357 697 tingendum
1396 646 1455 678 eo

76 728 282 780 prorsus
333 721 634 769 momento,
688 727 789 774 qvo
840 711 989 758 solita
1023 710 1192 758 forma
1229 726 1454 776 pronun-

78 795 260 840 ciatur.
330 805 388 858 3.v
416 790 608 838 Vetere
645 792 716 837 uti
744 789 1052 848 chrismate,
1091 801 1299 837 cautum
1330 799 1455 838 esto.

77 869 213 919 Tres
252 869 501 919 duntaxat
538 886 808 936 sponsores
852 873 903 917 in
938 870 1250 936 baptismate
1290 878 1456 917 sunto·

77 951 317 1001 Masculo
353 953 453 998 viri
488 949 617 1008 duo,
665 966 872 1014 unaqve
908 950 1126 998 mulier:
1180 947 1456 996 foemellae

78 1031 324 1079 mulieres
362 1029 492 1077 duae
515 1067 530 1088 ,
572 1046 688 1077 cum
726 1032 882 1078 unico
917 1033 1032 1077 viro
1069 1031 1322 1076 assistant.
1408 1043 1455 1084 4.

83 1109 297 1158 Parochi
338 1112 525 1173 qvavis
557 1109 836 1157 Dominica
864 1126 956 1175 per
983 1107 1457 1174 qvadragesimam,

79 1191 325 1254 ipsimet,
370 1188 456 1236 vel
505 1206 599 1254 per
640 1188 766 1236 alios
796 1225 812 1247 ,
860 1189 1117 1255 Episcopo
1169 1197 1460 1235 reservatos

81 1284 224 1316 casus
264 1267 560 1333 publicent3
612 1283 640 1314 a
691 1268 909 1330 qvibus,
967 1267 1179 1316 obtenta
1215 1267 1461 1314 duntaxat

78 1346 329 1405 licentia,
366 1348 726 1413 poenitentem
763 1346 1055 1395 absolvant.
1124 1361 1172 1406 5.
1210 1349 1255 1394 A
1291 1348 1461 1411 prima

82 1425 359 1475 Dominica
390 1424 851 1492 qvadragesimae,
886 1426 953 1475 ad
981 1426 1338 1479 Dominicam:
1375 1429 1461 1474 [ηρ

83 1512 312 1567 vocavit,
364 1505 596 1570 qvotidie
647 1504 773 1553 hora
820 1522 1080 1571 congrua,
1130 1508 1335 1571 signum
1373 1504 1462 1553 de·-

14 1608 20 1612 ·
81 1595 166 1634 tur
203 1601 486 1651 campana,
540 1585 682 1650 qvod
720 1584 1099 1634 confessionem
1135 1583 1329 1633 indicat
1367 1585 1461 1633 Pa·-

83 1663 358 1716 rochianiS.
431 1664 529 1712 Pro
561 1664 748 1729 qvibus
787 1663 1159 1724 exaudiendis,
1200 1664 1462 1712 Ecclesiae

81 1742 272 1791 Rector
312 1754 517 1810 paratus
558 1754 688 1792 esto.
777 1745 824 1792 6.
872 1743 1269 1792 Admoneantur
1307 1744 1464 1793 Paro-

86 1822 283 1880 chiani,
331 1834 384 1871 ut
434 1834 552 1872 ante
589 1822 822 1871 medium
877 1822 1307 1890 qvadragesimae
1345 1840 1463 1871 con-

84 1902 347 1950 fiteantur.
420 1902 722 1955 Doceantur
753 1901 967 1973 moldum
1023 1903 1340 1964 confitendi3
1387 1914 1464 1950 ut-

80 1999 184 2046 qve
223 1981 437 2048 singulis
468 1981 761 2037 Dominicis
799 1985 1053 2048 integram
1087 1983 1302 2031 audiant
1333 1983 1464 2030 Mis-

85 2078 216 2121 sam,
257 2062 585 2111 inducantur.
657 2076 704 2121 7.
747 2063 1056 2127 Qvicunqve
1082 2077 1111 2109 a
1145 2060 1319 2113 media
1345 2078 1468 2126 qva-

84 2140 374 2207 dragesima
410 2158 574 2205 usqve
613 2140 679 2189 ad
705 2140 928 2200 Pascha,
968 2151 1199 2194 cessante
1237 2143 1465 2196 rationa-

82 2219 178 2273 bili
215 2237 405 2281 causa,
454 2238 557 2269 non
613 2221 804 2268 fuerint
839 2222 1064 2286 propriis
1102 2219 1465 2275 Sacerdotibus

87 2300 343 2359 confessi,
396 2311 445 2349 et
493 2299 818 2354 Eucharistia
866 2300 1086 2359 refecti,
1136 2302 1238 2355 sint
1286 2300 1349 2349 ab
1388 2303 1467 2348 in-

89 2394 270 2442 gressu
310 2379 570 2433 Ecclesiae
604 2382 795 2440 vetiti,
830 2396 888 2429 ac
927 2380 1228 2446 Praeposito
1266 2378 1466 2434 denun-

91 2460 307 2508 cientur.
391 2464 438 2511 8.
489 2459 724 2509 Audiens
780 2460 1164 2520 confessiones,
1199 2477 1301 2509 non
1338 2463 1467 2508 sinat

87 2539 290 2609 peccati
335 2540 645 2606 complicem
696 2541 948 2600 revelari,
997 2540 1084 2589 vel
1121 2539 1395 2599 adiuncta,
1438 2557 1464 2587 e

89 2613 307 2686 qvorum
357 2622 578 2683 notitia,
626 2623 682 2676 in
728 2621 867 2670 illius
916 2624 1266 2689 cognitionem
1305 2621 1464 2669 devm

1301 2717 1401 2752 niti
