1779 3128
238 207 333 249 244
828 198 1012 217 “““·““·

829 219 1011 229 --...

841 307 890 378 §.
960 311 1044 363 CI.

467 458 607 535 Cap.
651 458 776 515 IV.
821 459 889 516 de
928 457 1094 516 visit.
1144 459 1379 518 Eccles.

377 631 548 699 Caput
608 642 851 697 qvartum
898 627 962 678 de
1014 631 1305 678 visitatione
1359 629 1610 679 Ecclesia·

246 730 361 762 rum
401 728 590 778 agens,
646 725 686 759 1.
736 707 1121 758 Archidiaconis
1172 725 1397 757 annuam
1432 712 1612 758 visita·

246 796 444 841 tionem
481 792 744 857 praecipit.
831 804 874 842 2.
913 787 1258 838 parochorum
1294 799 1613 836 exemtorum

244 874 589 919 visitationem
635 868 839 916 Vicario
890 865 1137 915 Generali
1185 869 1424 933 iniungit.
1511 867 1612 933 Qvi

247 950 373 998 alios
422 952 604 1007 etiam,
656 949 967 1013 praeprimis
1015 947 1322 1005 viciniores,
1377 946 1499 994 licet
1547 947 1611 995 ab

244 1027 628 1077 Archidiaconis
666 1028 897 1074 visitatos
919 1063 934 1085 ,
972 1027 1238 1091 inopinate
1271 1026 1532 1085 visitabit,
1559 1036 1617 1074 ut

247 1120 436 1156 statum
495 1109 719 1173 ipsorum
754 1143 771 1164 ,
828 1122 885 1153 ac
937 1106 1384 1153 conversationem
1437 1116 1615 1154 exacte

243 1198 540 1253 cognoscat.
636 1200 683 1245 3.
731 1184 1037 1233 Visitatores
1091 1184 1224 1234 hunc
1283 1200 1408 1251 prae
1455 1184 1616 1233 oculis

247 1282 456 1333 scopum
493 1264 759 1315 habeant:
808 1275 863 1312 ut
907 1267 1257 1330 corrigantur,
1311 1280 1443 1328 qvae
1482 1262 1617 1312 indi-

245 1357 371 1412 gent
407 1344 840 1411 reprehensione,
877 1354 958 1403 et,
996 1359 1125 1408 qvae
1162 1354 1398 1409 spectant
1435 1342 1500 1391 ad
1536 1360 1616 1392 sa-

248 1426 414 1474 lutem
446 1427 770 1482 animarum,
819 1434 1238 1490 promoveantur.
1327 1438 1375 1479 4.
1400 1421 1619 1483 ,Ουῑεηῑ

242 1502 618 1554 Archidiaconi
648 1540 663 1562 ,
714 1514 770 1552 ut
822 1502 1040 1567 qvilibet
1094 1500 1353 1550 Parochus
1378 1539 1394 1561 ,
1429 1500 1619 1551 habeat

248 1583 434 1632 librum
484 1582 783 1643 Ritualem3
835 1584 1079 1646 istiusqve
1127 1581 1323 1647 Synodi
1371 1581 1618 1643 Decreta,

249 1667 405 1729 gratis
454 1661 624 1711 danda
673 1663 980 1724 unicuiqve,
1030 1677 1091 1708 ex
1140 1659 1379 1728 Capitulo
1427 1661 1618 1727 Strigo-

248 1745 443 1802 niensi3
481 1758 612 1806 qvae
651 1743 918 1789 occasione
953 1741 1258 1789 visitationis
1293 1739 1490 1806 releget
1519 1740 1617 1788 Ar-

249 1821 577 1870 chidiaconus
615 1838 733 1868 cum
772 1818 999 1869 Parocho
1029 1856 1044 1878 ,
1091 1830 1147 1867 ut
1198 1836 1260 1867 ex
1304 1818 1379 1867 his
1418 1819 1618 1866 Statum

222 1899 492 1962 ,Pal-ochi,
542 1911 592 1948 et
627 1898 906 1963 Parochiae
955 1899 1200 1965 indagare
1235 1900 1413 1964 possit.
1482 1898 1619 1945 Enu-

248 1991 515 2029 merantur
550 1977 630 2027 hic
662 1989 874 2046 postea,
913 1977 976 2025 de
1016 1978 1196 2042 qvibus
1234 1977 1501 2044 speciatim
1522 1975 1620 2025 Ar-

249 2058 585 2108 chidiaconus
636 2056 982 2123 indagandum
1029 2055 1201 2104 habet.
1285 2069 1335 2114 5.
1390 2055 1436 2102 Si
1485 2072 1619 2119 qvae

251 2137 530 2187 Parochiae
559 2173 574 2196 ,
622 2136 710 2185 vel
756 2136 886 2185 adeo
938 2145 1054 2182 sunt
1104 2133 1344 2200 amplae,
1399 2144 1452 2181 ut
1490 2150 1618 2182 unus

252 2221 397 2266 oneri
436 2216 650 2264 ferendo
688 2231 791 2263 non
829 2214 1078 2263 sufficiat:
1122 2213 1207 2263 vel
1254 2211 1383 2260 adeo
1421 2223 1619 2271 tenueS,

251 2308 308 2345 ut
358 2299 454 2344 nisi
506 2312 621 2344 oum
658 2294 836 2356 [altera
883 2297 1245 2357 coniungantur
1273 2326 1289 2349 ,
1336 2290 1622 2339 Parochum

253 2376 393 2423 alere
429 2390 532 2421 non
570 2376 797 2439 possint:
831 2370 884 2420 id
909 2371 1267 2420 Archidiaconi
1305 2370 1369 2417 ad
1404 2369 1623 2419 Ordina-
1699 2374 1701 2376 ’

254 2458 390 2503 rium
429 2451 719 2520 deferant„
751 2463 805 2500 ut
842 2454 979 2499 iuxta
1016 2446 1422 2512 Tridentinum,
1469 2465 1623 2517 opor-

251 2544 377 2593 tuno
418 2530 648 2579 remedio
685 2535 904 2580 succurri
942 2531 1121 2598 possit.

1363 2684 1411 2756 §.
1449 2687 1554 2738 cn.
