<?xml version="1.0" encoding="UTF-8"?>
<!DOCTYPE html PUBLIC "-//W3C//DTD XHTML 1.0 Transitional//EN"
    "http://www.w3.org/TR/xhtml1/DTD/xhtml1-transitional.dtd">
<html xmlns="http://www.w3.org/1999/xhtml" xml:lang="en" lang="en">
 <head>
  <title>
</title>
<meta http-equiv="Content-Type" content="text/html;charset=utf-8" />
  <meta name='ocr-system' content='tesseract 3.04.00' />
  <meta name='ocr-capabilities' content='ocr_page ocr_carea ocr_par ocr_line ocrx_word'/>
</head>
<body>
  <div class='ocr_page' id='page_1' title='image "./synopsiscriticoh00szvouoft_0044.png"; bbox 0 0 1779 3128; ppageno 0'>
   <div class='ocr_carea' id='block_1_1' title="bbox 874 255 1055 265">
    <p class='ocr_par' dir='ltr' id='par_1_1' title="bbox 874 255 1055 265">
     <span class='ocr_line' id='line_1_1' title="bbox 874 255 1055 265; baseline 0 2863"><span class='ocrx_word' id='word_1_1' title='bbox 874 255 1055 265; x_wconf 95' lang='lat' dir='ltr'> </span> 
     </span>
    </p>
   </div>
   <div class='ocr_carea' id='block_1_2' title="bbox 283 225 1056 276">
    <p class='ocr_par' dir='ltr' id='par_1_2' title="bbox 283 225 1056 276">
     <span class='ocr_line' id='line_1_2' title="bbox 283 225 1056 276; baseline -0.003 0"><span class='ocrx_word' id='word_1_2' title='bbox 283 225 347 276; x_wconf 76' lang='lat'>26</span> <span class='ocrx_word' id='word_1_3' title='bbox 874 233 1056 255; x_wconf 79' lang='grc'>·-··-</span> 
     </span>
    </p>
   </div>
   <div class='ocr_carea' id='block_1_3' title="bbox 279 345 1651 556">
    <p class='ocr_par' dir='ltr' id='par_1_3' title="bbox 279 345 1651 556">
     <span class='ocr_line' id='line_1_3' title="bbox 281 345 1651 413; baseline 0.001 -15"><span class='ocrx_word' id='word_1_4' title='bbox 281 346 401 398; x_wconf 87' lang='lat' dir='ltr'><strong>XII.</strong></span> <span class='ocrx_word' id='word_1_5' title='bbox 438 361 569 396; x_wconf 85' lang='lat' dir='ltr'>anno</span> <span class='ocrx_word' id='word_1_6' title='bbox 617 345 821 394; x_wconf 88' lang='lat' dir='ltr'><strong>MXIX.</strong></span> <span class='ocrx_word' id='word_1_7' title='bbox 864 346 1056 395; x_wconf 87' lang='lat' dir='ltr'>factum</span> <span class='ocrx_word' id='word_1_8' title='bbox 1114 348 1208 395; x_wconf 87' lang='lat' dir='ltr'>sit:</span> <span class='ocrx_word' id='word_1_9' title='bbox 1246 347 1306 413; x_wconf 90' lang='lat' dir='ltr'>p)</span> <span class='ocrx_word' id='word_1_10' title='bbox 1351 364 1503 398; x_wconf 80' lang='lat' dir='ltr'>causa</span> <span class='ocrx_word' id='word_1_11' title='bbox 1549 366 1651 400; x_wconf 84' lang='lat' dir='ltr'>non</span> 
     </span>
     <span class='ocr_line' id='line_1_4' title="bbox 279 425 1646 496; baseline 0.003 -21"><span class='ocrx_word' id='word_1_12' title='bbox 279 438 453 494; x_wconf 84' lang='lat' dir='ltr'>potest</span> <span class='ocrx_word' id='word_1_13' title='bbox 506 427 792 491; x_wconf 79' lang='lat' dir='ltr'>assignari,</span> <span class='ocrx_word' id='word_1_14' title='bbox 839 443 988 475; x_wconf 86' lang='lat' dir='ltr'>eccur</span> <span class='ocrx_word' id='word_1_15' title='bbox 1026 425 1255 493; x_wconf 80' lang='lat' dir='ltr'>diploma</span> <span class='ocrx_word' id='word_1_16' title='bbox 1303 428 1465 477; x_wconf 89' lang='lat' dir='ltr'>multo</span> <span class='ocrx_word' id='word_1_17' title='bbox 1503 432 1646 496; x_wconf 76' lang='lat' dir='ltr'>prius</span> 
     </span>
     <span class='ocr_line' id='line_1_5' title="bbox 283 505 830 556; baseline 0.002 -2"><span class='ocrx_word' id='word_1_18' title='bbox 283 505 480 556; x_wconf 87' lang='lat' dir='ltr'>editum</span> <span class='ocrx_word' id='word_1_19' title='bbox 518 506 713 555; x_wconf 86' lang='lat' dir='ltr'>fuisset.</span> <span class='ocrx_word' id='word_1_20' title='bbox 827 518 830 519; x_wconf 72' lang='grc'>’</span> 
     </span>
    </p>
   </div>
   <div class='ocr_carea' id='block_1_4' title="bbox 498 636 1415 836">
    <p class='ocr_par' dir='ltr' id='par_1_4' title="bbox 498 636 1415 836">
     <span class='ocr_line' id='line_1_6' title="bbox 845 636 1101 707; baseline -0.008 -18"><span class='ocrx_word' id='word_1_21' title='bbox 845 636 893 707; x_wconf 62' lang='lat'>§2</span> <span class='ocrx_word' id='word_1_22' title='bbox 966 639 1101 687; x_wconf 81' lang='lat' dir='ltr'>viu.</span> 
     </span>
     <span class='ocr_line' id='line_1_7' title="bbox 498 715 1415 836; baseline 0 -19"><span class='ocrx_word' id='word_1_23' title='bbox 498 761 646 836; x_wconf 78' lang='lat' dir='ltr'>Syn.</span> <span class='ocrx_word' id='word_1_24' title='bbox 693 715 872 819; x_wconf 45' lang='lat' dir='ltr'>Buds</span> <span class='ocrx_word' id='word_1_25' title='bbox 898 781 956 817; x_wconf 82' lang='lat' dir='ltr'>a.</span> <span class='ocrx_word' id='word_1_26' title='bbox 1001 758 1415 819; x_wconf 82' lang='lat' dir='ltr'><em>MCCLXJJJ.</em></span> 
     </span>
    </p>
   </div>
   <div class='ocr_carea' id='block_1_5' title="bbox 277 892 1719 1051">
    <p class='ocr_par' dir='ltr' id='par_1_5' title="bbox 277 892 1719 1051">
     <span class='ocr_line' id='line_1_8' title="bbox 413 892 1650 972; baseline 0.002 -20"><span class='ocrx_word' id='word_1_27' title='bbox 413 903 541 953; x_wconf 84' lang='lat' dir='ltr'>Bela</span> <span class='ocrx_word' id='word_1_28' title='bbox 589 907 674 956; x_wconf 92' lang='lat' dir='ltr'>IV.</span> <span class='ocrx_word' id='word_1_29' title='bbox 713 892 1033 972; x_wconf 81' lang='lat' dir='ltr'>Hungariarn</span> <span class='ocrx_word' id='word_1_30' title='bbox 1080 907 1431 971; x_wconf 81' lang='lat' dir='ltr'><strong>gubernante,</strong></span> <span class='ocrx_word' id='word_1_31' title='bbox 1469 906 1650 956; x_wconf 90' lang='lat' dir='ltr'>Natio-</span> 
     </span>
     <span class='ocr_line' id='line_1_9' title="bbox 277 983 1719 1051; baseline 0.001 -19"><span class='ocrx_word' id='word_1_32' title='bbox 277 983 408 1033; x_wconf 87' lang='lat' dir='ltr'>nalis</span> <span class='ocrx_word' id='word_1_33' title='bbox 446 985 543 1032; x_wconf 90' lang='lat' dir='ltr'>fuit</span> <span class='ocrx_word' id='word_1_34' title='bbox 572 983 808 1051; x_wconf 78' lang='lat' dir='ltr'>Syncdus</span> <span class='ocrx_word' id='word_1_35' title='bbox 844 985 1115 1043; x_wconf 88' lang='lat' dir='ltr'>Budensis,</span> <span class='ocrx_word' id='word_1_36' title='bbox 1154 1002 1308 1049; x_wconf 85' lang='lat' dir='ltr'>qvam</span> <span class='ocrx_word' id='word_1_37' title='bbox 1346 1003 1478 1034; x_wconf 89' lang='lat' dir='ltr'>anno</span> <span class='ocrx_word' id='word_1_38' title='bbox 1512 988 1652 1045; x_wconf 81' lang='lat'><strong>1263.</strong></span> <span class='ocrx_word' id='word_1_39' title='bbox 1716 1031 1719 1033; x_wconf 72' lang='grc'><strong>,</strong></span> 
     </span>
    </p>
   </div>
   <div class='ocr_carea' id='block_1_6' title="bbox 191 1055 1650 1126">
    <p class='ocr_par' dir='ltr' id='par_1_6' title="bbox 191 1055 1650 1126">
     <span class='ocr_line' id='line_1_10' title="bbox 191 1055 1650 1126; baseline 0.002 -16"><span class='ocrx_word' id='word_1_40' title='bbox 191 1055 197 1061; x_wconf 68' lang='grc'><strong><em>’</em></strong></span> <span class='ocrx_word' id='word_1_41' title='bbox 279 1061 474 1111; x_wconf 84' lang='lat' dir='ltr'>Urbani</span> <span class='ocrx_word' id='word_1_42' title='bbox 515 1066 683 1126; x_wconf 84' lang='lat' dir='ltr'>qvarti</span> <span class='ocrx_word' id='word_1_43' title='bbox 722 1064 984 1112; x_wconf 83' lang='lat' dir='ltr'>Pontificis</span> <span class='ocrx_word' id='word_1_44' title='bbox 1022 1066 1296 1112; x_wconf 79' lang='lat' dir='ltr'>autoritate</span> <span class='ocrx_word' id='word_1_45' title='bbox 1339 1069 1650 1114; x_wconf 87' lang='lat' dir='ltr'>convocavit</span> 
     </span>
    </p>
   </div>
   <div class='ocr_carea' id='block_1_7' title="bbox 211 1128 1658 2393">
    <p class='ocr_par' dir='ltr' id='par_1_7' title="bbox 211 1128 1658 2393">
     <span class='ocr_line' id='line_1_11' title="bbox 277 1128 1655 1209; baseline 0.001 -18"><span class='ocrx_word' id='word_1_46' title='bbox 277 1140 511 1207; x_wconf 84' lang='lat' dir='ltr'>Angelus</span> <span class='ocrx_word' id='word_1_47' title='bbox 558 1144 804 1201; x_wconf 90' lang='lat' dir='ltr'>nomine,</span> <span class='ocrx_word' id='word_1_48' title='bbox 849 1128 1051 1209; x_wconf 42' lang='lat' dir='ltr'>Bapali&#39;s</span> <span class='ocrx_word' id='word_1_49' title='bbox 1101 1141 1346 1208; x_wconf 79' lang='lat' dir='ltr'>Capellae</span> <span class='ocrx_word' id='word_1_50' title='bbox 1400 1143 1655 1203; x_wconf 86' lang='lat' dir='ltr'>Clericus,</span> 
     </span>
     <span class='ocr_line' id='line_1_12' title="bbox 278 1220 1652 1288; baseline 0.003 -21"><span class='ocrx_word' id='word_1_51' title='bbox 278 1237 341 1267; x_wconf 91' lang='lat' dir='ltr'>eo</span> <span class='ocrx_word' id='word_1_52' title='bbox 378 1222 514 1279; x_wconf 90' lang='lat' dir='ltr'>fine,</span> <span class='ocrx_word' id='word_1_53' title='bbox 565 1231 619 1269; x_wconf 91' lang='lat' dir='ltr'>ut</span> <span class='ocrx_word' id='word_1_54' title='bbox 667 1224 909 1288; x_wconf 88' lang='lat' dir='ltr'>imposita</span> <span class='ocrx_word' id='word_1_55' title='bbox 946 1238 1039 1287; x_wconf 86' lang='lat' dir='ltr'>per</span> <span class='ocrx_word' id='word_1_56' title='bbox 1075 1220 1258 1270; x_wconf 90' lang='lat' dir='ltr'>Sedem</span> <span class='ocrx_word' id='word_1_57' title='bbox 1294 1222 1652 1288; x_wconf 85' lang='lat' dir='ltr'>Apostolicam</span> 
     </span>
     <span class='ocr_line' id='line_1_13' title="bbox 275 1298 1644 1366; baseline 0.001 -18"><span class='ocrx_word' id='word_1_58' title='bbox 275 1298 534 1359; x_wconf 86' lang='lat' dir='ltr'>subsidia,</span> <span class='ocrx_word' id='word_1_59' title='bbox 586 1299 906 1348; x_wconf 85' lang='lat' dir='ltr'>Graecorum</span> <span class='ocrx_word' id='word_1_60' title='bbox 962 1301 1183 1366; x_wconf 87' lang='lat' dir='ltr'>Imperio</span> <span class='ocrx_word' id='word_1_61' title='bbox 1234 1313 1408 1349; x_wconf 83' lang='lat' dir='ltr'>contra</span> <span class='ocrx_word' id='word_1_62' title='bbox 1458 1301 1644 1350; x_wconf 91' lang='lat' dir='ltr'>Muha-</span> 
     </span>
     <span class='ocr_line' id='line_1_14' title="bbox 278 1376 1654 1446; baseline 0.001 -21"><span class='ocrx_word' id='word_1_63' title='bbox 278 1376 528 1426; x_wconf 86' lang='lat' dir='ltr'>medanos</span> <span class='ocrx_word' id='word_1_64' title='bbox 548 1414 563 1436; x_wconf 93' lang='lat'>,</span> <span class='ocrx_word' id='word_1_65' title='bbox 601 1379 663 1427; x_wconf 92' lang='lat' dir='ltr'>ab</span> <span class='ocrx_word' id='word_1_66' title='bbox 695 1378 1024 1427; x_wconf 87' lang='lat' dir='ltr'>Antistitibus</span> <span class='ocrx_word' id='word_1_67' title='bbox 1053 1379 1358 1444; x_wconf 79' lang='lat' dir='ltr'>Hungaricis</span> <span class='ocrx_word' id='word_1_68' title='bbox 1386 1392 1654 1446; x_wconf 81' lang='lat' dir='ltr'>praestan-</span> 
     </span>
     <span class='ocr_line' id='line_1_15' title="bbox 278 1455 1654 1521; baseline 0.002 -17"><span class='ocrx_word' id='word_1_69' title='bbox 278 1455 381 1515; x_wconf 91' lang='lat' dir='ltr'>da,</span> <span class='ocrx_word' id='word_1_70' title='bbox 432 1459 754 1516; x_wconf 83' lang='lat' dir='ltr'>remitteret,</span> <span class='ocrx_word' id='word_1_71' title='bbox 807 1475 968 1521; x_wconf 80' lang='lat' dir='ltr'>usqve</span> <span class='ocrx_word' id='word_1_72' title='bbox 1022 1457 1088 1505; x_wconf 85' lang='lat' dir='ltr'>ad</span> <span class='ocrx_word' id='word_1_73' title='bbox 1141 1475 1335 1505; x_wconf 82' lang='lat' dir='ltr'>novum</span> <span class='ocrx_word' id='word_1_74' title='bbox 1390 1458 1654 1507; x_wconf 71' lang='lat' dir='ltr'>pontificis</span> 
     </span>
     <span class='ocr_line' id='line_1_16' title="bbox 279 1533 1650 1602; baseline 0.001 -18"><span class='ocrx_word' id='word_1_75' title='bbox 279 1533 601 1584; x_wconf 86' lang='lat' dir='ltr'>mandatum.</span> <span class='ocrx_word' id='word_1_76' title='bbox 671 1535 1067 1586; x_wconf 79' lang='lat' dir='ltr'>Advolaverant</span> <span class='ocrx_word' id='word_1_77' title='bbox 1098 1535 1164 1584; x_wconf 90' lang='lat' dir='ltr'>ad</span> <span class='ocrx_word' id='word_1_78' title='bbox 1187 1539 1338 1584; x_wconf 89' lang='lat' dir='ltr'>istam</span> <span class='ocrx_word' id='word_1_79' title='bbox 1361 1536 1650 1602; x_wconf 76' lang='lat' dir='ltr'>Synodum,</span> 
     </span>
     <span class='ocr_line' id='line_1_17' title="bbox 280 1613 1652 1682; baseline 0.002 -21"><span class='ocrx_word' id='word_1_80' title='bbox 280 1613 700 1663; x_wconf 83' lang='lat' dir='ltr'>Archi-Praesul</span> <span class='ocrx_word' id='word_1_81' title='bbox 754 1615 1117 1682; x_wconf 83' lang='lat' dir='ltr'>Strigoniensis</span> <span class='ocrx_word' id='word_1_82' title='bbox 1156 1616 1453 1682; x_wconf 79' lang='lat' dir='ltr'>Philippus,</span> <span class='ocrx_word' id='word_1_83' title='bbox 1505 1617 1652 1665; x_wconf 87' lang='lat' dir='ltr'>Anti-</span> 
     </span>
     <span class='ocr_line' id='line_1_18' title="bbox 280 1693 1655 1765; baseline 0.001 -23"><span class='ocrx_word' id='word_1_84' title='bbox 280 1705 383 1742; x_wconf 86' lang='lat' dir='ltr'>stes</span> <span class='ocrx_word' id='word_1_85' title='bbox 432 1693 695 1759; x_wconf 82' lang='lat' dir='ltr'>Agriensis</span> <span class='ocrx_word' id='word_1_86' title='bbox 744 1695 1056 1760; x_wconf 82' lang='lat' dir='ltr'>Lampertus</span> <span class='ocrx_word' id='word_1_87' title='bbox 1091 1731 1106 1754; x_wconf 94' lang='lat'>,</span> <span class='ocrx_word' id='word_1_88' title='bbox 1161 1693 1427 1765; x_wconf 89' lang='lat' dir='ltr'>Vaciensis</span> <span class='ocrx_word' id='word_1_89' title='bbox 1466 1695 1655 1763; x_wconf 90' lang='lat' dir='ltr'>Philip-</span> 
     </span>
     <span class='ocr_line' id='line_1_19' title="bbox 277 1773 1655 1840; baseline 0.002 -20"><span class='ocrx_word' id='word_1_90' title='bbox 277 1788 409 1840; x_wconf 86' lang='lat' dir='ltr'>pus,</span> <span class='ocrx_word' id='word_1_91' title='bbox 445 1773 838 1840; x_wconf 87' lang='lat' dir='ltr'>Vesprimiensis</span> <span class='ocrx_word' id='word_1_92' title='bbox 881 1774 1099 1834; x_wconf 89' lang='lat' dir='ltr'>Paulus,</span> <span class='ocrx_word' id='word_1_93' title='bbox 1151 1773 1452 1822; x_wconf 85' lang='lat' dir='ltr'>Vincentius</span> <span class='ocrx_word' id='word_1_94' title='bbox 1494 1774 1655 1823; x_wconf 87' lang='lat' dir='ltr'>Nitri-</span> 
     </span>
     <span class='ocr_line' id='line_1_20' title="bbox 280 1852 1655 1913; baseline 0 -12"><span class='ocrx_word' id='word_1_95' title='bbox 280 1855 450 1911; x_wconf 80' lang='lat' dir='ltr'>ensis3</span> <span class='ocrx_word' id='word_1_96' title='bbox 492 1855 649 1912; x_wconf 86' lang='lat' dir='ltr'>item,</span> <span class='ocrx_word' id='word_1_97' title='bbox 687 1853 734 1902; x_wconf 89' lang='lat' dir='ltr'>S.</span> <span class='ocrx_word' id='word_1_98' title='bbox 770 1854 986 1901; x_wconf 84' lang='lat' dir='ltr'>Martini</span> <span class='ocrx_word' id='word_1_99' title='bbox 1025 1852 1087 1901; x_wconf 88' lang='lat' dir='ltr'>de</span> <span class='ocrx_word' id='word_1_100' title='bbox 1118 1854 1303 1902; x_wconf 85' lang='lat' dir='ltr'>Monte</span> <span class='ocrx_word' id='word_1_101' title='bbox 1342 1853 1655 1913; x_wconf 82' lang='lat' dir='ltr'>Pannoniae,</span> 
     </span>
     <span class='ocr_line' id='line_1_21' title="bbox 280 1924 1656 1997; baseline 0.001 -18"><span class='ocrx_word' id='word_1_102' title='bbox 280 1930 346 1979; x_wconf 92' lang='lat' dir='ltr'>de</span> <span class='ocrx_word' id='word_1_103' title='bbox 386 1924 680 1990; x_wconf 83' lang='lat' dir='ltr'>Varadino,</span> <span class='ocrx_word' id='word_1_104' title='bbox 723 1930 788 1980; x_wconf 88' lang='lat' dir='ltr'>de</span> <span class='ocrx_word' id='word_1_105' title='bbox 828 1932 1053 1992; x_wconf 78' lang='lat' dir='ltr'>Sexard,</span> <span class='ocrx_word' id='word_1_106' title='bbox 1094 1943 1143 1982; x_wconf 93' lang='lat' dir='ltr'>et</span> <span class='ocrx_word' id='word_1_107' title='bbox 1185 1930 1249 1993; x_wconf 86' lang='lat' dir='ltr'>de</span> <span class='ocrx_word' id='word_1_108' title='bbox 1287 1932 1519 1997; x_wconf 83' lang='lat' dir='ltr'>Simigio,</span> <span class='ocrx_word' id='word_1_109' title='bbox 1560 1932 1656 1980; x_wconf 87' lang='lat' dir='ltr'>Or-</span> 
     </span>
     <span class='ocr_line' id='line_1_22' title="bbox 279 2010 1658 2075; baseline 0 -17"><span class='ocrx_word' id='word_1_110' title='bbox 279 2010 416 2059; x_wconf 88' lang='lat' dir='ltr'>dinis</span> <span class='ocrx_word' id='word_1_111' title='bbox 455 2011 502 2061; x_wconf 89' lang='lat' dir='ltr'>S.</span> <span class='ocrx_word' id='word_1_112' title='bbox 541 2012 813 2075; x_wconf 80' lang='lat' dir='ltr'>Benedicti</span> <span class='ocrx_word' id='word_1_113' title='bbox 844 2012 1108 2073; x_wconf 80' lang='lat' dir='ltr'>Abbate53</span> <span class='ocrx_word' id='word_1_114' title='bbox 1148 2023 1256 2060; x_wconf 87' lang='lat' dir='ltr'>tum</span> <span class='ocrx_word' id='word_1_115' title='bbox 1297 2013 1470 2059; x_wconf 91' lang='lat' dir='ltr'>nuncii</span> <span class='ocrx_word' id='word_1_116' title='bbox 1504 2010 1658 2058; x_wconf 89' lang='lat' dir='ltr'>Prae·</span> 
     </span>
     <span class='ocr_line' id='line_1_23' title="bbox 211 2089 1656 2157; baseline 0 -20"><span class='ocrx_word' id='word_1_117' title='bbox 211 2120 214 2124; x_wconf 85' lang='lat'><em>·</em></span> <span class='ocrx_word' id='word_1_118' title='bbox 278 2090 486 2150; x_wconf 81' lang='lat' dir='ltr'>sulum,</span> <span class='ocrx_word' id='word_1_119' title='bbox 535 2090 647 2139; x_wconf 91' lang='lat' dir='ltr'>Iobi</span> <span class='ocrx_word' id='word_1_120' title='bbox 684 2091 746 2157; x_wconf 82' lang='lat' dir='ltr'>Q</span> <span class='ocrx_word' id='word_1_121' title='bbox 785 2090 1159 2150; x_wconf 86' lang='lat' dir='ltr'>Ecclesiensis,</span> <span class='ocrx_word' id='word_1_122' title='bbox 1208 2091 1413 2137; x_wconf 91' lang='lat' dir='ltr'>Ioannis</span> <span class='ocrx_word' id='word_1_123' title='bbox 1462 2089 1656 2155; x_wconf 84' lang='lat' dir='ltr'>Syrmi-</span> 
     </span>
     <span class='ocr_line' id='line_1_24' title="bbox 281 2167 1655 2233; baseline -0.001 -17"><span class='ocrx_word' id='word_1_124' title='bbox 281 2173 455 2230; x_wconf 89' lang='lat' dir='ltr'>ensis,</span> <span class='ocrx_word' id='word_1_125' title='bbox 507 2181 557 2218; x_wconf 91' lang='lat' dir='ltr'>et</span> <span class='ocrx_word' id='word_1_126' title='bbox 606 2171 709 2218; x_wconf 87' lang='lat' dir='ltr'>fors</span> <span class='ocrx_word' id='word_1_127' title='bbox 741 2169 973 2218; x_wconf 84' lang='lat' dir='ltr'>Farkasii</span> <span class='ocrx_word' id='word_1_128' title='bbox 1017 2172 1223 2218; x_wconf 87' lang='lat' dir='ltr'>nomine</span> <span class='ocrx_word' id='word_1_129' title='bbox 1275 2167 1655 2233; x_wconf 83' lang='lat' dir='ltr'>Transylvani-</span> 
     </span>
     <span class='ocr_line' id='line_1_25' title="bbox 281 2247 1655 2313; baseline -0.001 -18"><span class='ocrx_word' id='word_1_130' title='bbox 281 2252 449 2305; x_wconf 79' lang='lat' dir='ltr'>ensis;</span> <span class='ocrx_word' id='word_1_131' title='bbox 501 2249 560 2313; x_wconf 91' lang='lat' dir='ltr'>q)</span> <span class='ocrx_word' id='word_1_132' title='bbox 613 2260 722 2298; x_wconf 88' lang='lat' dir='ltr'>tum</span> <span class='ocrx_word' id='word_1_133' title='bbox 773 2248 1119 2313; x_wconf 86' lang='lat' dir='ltr'>qvorumdam</span> <span class='ocrx_word' id='word_1_134' title='bbox 1159 2248 1411 2297; x_wconf 87' lang='lat' dir='ltr'>Ordinum</span> <span class='ocrx_word' id='word_1_135' title='bbox 1452 2247 1655 2294; x_wconf 77' lang='lat' dir='ltr'>Praela-</span> 
     </span>
     <span class='ocr_line' id='line_1_26' title="bbox 280 2325 1655 2393; baseline -0.001 -19"><span class='ocrx_word' id='word_1_136' title='bbox 280 2329 380 2386; x_wconf 62' lang='grc' dir='ltr'>εἰς,</span> <span class='ocrx_word' id='word_1_137' title='bbox 430 2328 773 2393; x_wconf 76' lang='lat' dir='ltr'>praepositis,</span> <span class='ocrx_word' id='word_1_138' title='bbox 821 2328 1312 2384; x_wconf 83' lang='lat' dir='ltr'>Archi-Diaconis,</span> <span class='ocrx_word' id='word_1_139' title='bbox 1365 2342 1423 2373; x_wconf 87' lang='lat' dir='ltr'>ac</span> <span class='ocrx_word' id='word_1_140' title='bbox 1475 2325 1655 2373; x_wconf 89' lang='lat' dir='ltr'>Pleba-</span> 
     </span>
    </p>
   </div>
   <div class='ocr_carea' id='block_1_8' title="bbox 1710 0 1779 2275">
    <p class='ocr_par' dir='ltr' id='par_1_8' title="bbox 1710 0 1779 2275">
     <span class='ocr_line' id='line_1_27' title="bbox 1710 0 1779 2275; baseline 0 0"><span class='ocrx_word' id='word_1_141' title='bbox 1710 0 1779 2275; x_wconf 95' lang='lat' dir='ltr'> </span> 
     </span>
    </p>
   </div>
   <div class='ocr_carea' id='block_1_9' title="bbox 281 2405 1773 2476">
    <p class='ocr_par' dir='ltr' id='par_1_9' title="bbox 281 2405 1773 2476">
     <span class='ocr_line' id='line_1_28' title="bbox 281 2405 1773 2476; baseline -0.002 -22"><span class='ocrx_word' id='word_1_142' title='bbox 281 2409 376 2454; x_wconf 84' lang='lat' dir='ltr'>nis.</span> <span class='ocrx_word' id='word_1_143' title='bbox 453 2406 585 2470; x_wconf 79' lang='lat' dir='ltr'>Qvia</span> <span class='ocrx_word' id='word_1_144' title='bbox 618 2424 741 2454; x_wconf 75' lang='lat' dir='ltr'>vero</span> <span class='ocrx_word' id='word_1_145' title='bbox 778 2410 992 2454; x_wconf 83' lang='lat' dir='ltr'>nuncius</span> <span class='ocrx_word' id='word_1_146' title='bbox 1025 2407 1225 2471; x_wconf 83' lang='lat' dir='ltr'>Papae,</span> <span class='ocrx_word' id='word_1_147' title='bbox 1263 2405 1509 2452; x_wconf 85' lang='lat' dir='ltr'>duntaxat</span> <span class='ocrx_word' id='word_1_148' title='bbox 1548 2423 1656 2451; x_wconf 85' lang='lat' dir='ltr'>cum</span> <span class='ocrx_word' id='word_1_149' title='bbox 1730 2466 1734 2469; x_wconf 8' lang='grc' dir='ltr'>χ</span> <span class='ocrx_word' id='word_1_150' title='bbox 1772 2447 1773 2476; x_wconf 18' lang='grc' dir='ltr'>ἦ</span> 
     </span>
    </p>
   </div>
   <div class='ocr_carea' id='block_1_10' title="bbox 284 2483 1656 2610">
    <p class='ocr_par' dir='ltr' id='par_1_10' title="bbox 284 2483 1656 2610">
     <span class='ocr_line' id='line_1_29' title="bbox 284 2483 1656 2549; baseline -0.002 -14"><span class='ocrx_word' id='word_1_151' title='bbox 284 2491 561 2535; x_wconf 78' lang='lat' dir='ltr'>maioribus</span> <span class='ocrx_word' id='word_1_152' title='bbox 597 2491 884 2546; x_wconf 75' lang='lat' dir='ltr'>Praelatis,</span> <span class='ocrx_word' id='word_1_153' title='bbox 939 2483 1193 2549; x_wconf 86' lang='lat' dir='ltr'>qvaedam</span> <span class='ocrx_word' id='word_1_154' title='bbox 1229 2494 1448 2532; x_wconf 84' lang='lat' dir='ltr'>tractare</span> <span class='ocrx_word' id='word_1_155' title='bbox 1488 2500 1656 2532; x_wconf 90' lang='lat' dir='ltr'>secre-</span> 
     </span>
     <span class='ocr_line' id='line_1_30' title="bbox 1537 2573 1590 2610; baseline -0.019 0"><span class='ocrx_word' id='word_1_156' title='bbox 1537 2573 1590 2610; x_wconf 80' lang='lat' dir='ltr'>tO</span> 
     </span>
    </p>
   </div>
   <div class='ocr_carea' id='block_1_11' title="bbox 339 2665 1654 2795">
    <p class='ocr_par' dir='ltr' id='par_1_11' title="bbox 339 2665 1654 2795">
     <span class='ocr_line' id='line_1_31' title="bbox 339 2665 1654 2726; baseline -0.004 -15"><span class='ocrx_word' id='word_1_157' title='bbox 339 2669 394 2726; x_wconf 81' lang='lat' dir='ltr'>p)</span> <span class='ocrx_word' id='word_1_158' title='bbox 425 2673 504 2723; x_wconf 84' lang='lat' dir='ltr'>Ap.</span> <span class='ocrx_word' id='word_1_159' title='bbox 540 2671 674 2711; x_wconf 85' lang='lat' dir='ltr'>eund.</span> <span class='ocrx_word' id='word_1_160' title='bbox 707 2670 798 2714; x_wconf 76' lang='lat' dir='ltr'>RR,</span> <span class='ocrx_word' id='word_1_161' title='bbox 832 2671 909 2709; x_wconf 86' lang='lat' dir='ltr'>cit.</span> <span class='ocrx_word' id='word_1_162' title='bbox 941 2677 1098 2716; x_wconf 85' lang='lat' dir='ltr'>torno,</span> <span class='ocrx_word' id='word_1_163' title='bbox 1141 2682 1247 2725; x_wconf 79' lang='lat' dir='ltr'>pag.</span> <span class='ocrx_word' id='word_1_164' title='bbox 1277 2677 1376 2718; x_wconf 77' lang='lat'><strong>402.</strong></span> <span class='ocrx_word' id='word_1_165' title='bbox 1448 2666 1499 2720; x_wconf 76' lang='lat' dir='ltr'>q)</span> <span class='ocrx_word' id='word_1_166' title='bbox 1542 2665 1654 2709; x_wconf 80' lang='lat' dir='ltr'>Vide</span> 
     </span>
     <span class='ocr_line' id='line_1_32' title="bbox 399 2737 1529 2795; baseline -0.002 -14"><span class='ocrx_word' id='word_1_167' title='bbox 399 2737 524 2795; x_wconf 79' lang='lat' dir='ltr'>Pray</span> <span class='ocrx_word' id='word_1_168' title='bbox 554 2751 673 2793; x_wconf 89' lang='lat' dir='ltr'>spec.</span> <span class='ocrx_word' id='word_1_169' title='bbox 704 2738 830 2780; x_wconf 85' lang='lat' dir='ltr'>Hier.</span> <span class='ocrx_word' id='word_1_170' title='bbox 859 2738 1012 2794; x_wconf 85' lang='lat' dir='ltr'>Hung.</span> <span class='ocrx_word' id='word_1_171' title='bbox 1044 2745 1176 2791; x_wconf 83' lang='lat' dir='ltr'>parte</span> <span class='ocrx_word' id='word_1_172' title='bbox 1207 2737 1263 2782; x_wconf 86' lang='lat' dir='ltr'>II.</span> <span class='ocrx_word' id='word_1_173' title='bbox 1296 2750 1401 2795; x_wconf 82' lang='lat' dir='ltr'>pag.</span> <span class='ocrx_word' id='word_1_174' title='bbox 1433 2740 1529 2791; x_wconf 83' lang='lat'><strong>256.</strong></span> 
     </span>
    </p>
   </div>
  </div>
 </body>
</html>
