1779 3128
716 197 898 212 ...-...
1396 188 1485 241 ,83

38 0 43 39 Ι

37 42 41 100 l

35 107 39 156 l

34 169 37 197 ι

32 202 36 255 l

127 335 221 371 eo,
259 311 515 362 toleretur.
585 305 728 354 Libri
756 306 1092 354 Ecclesiastici
1130 313 1335 371 praesto
1367 305 1486 352 sint.

126 394 380 443 Ecclesiae
418 404 533 435 cum
569 388 707 434 atriis
746 385 968 432 mundae
997 401 1053 431 ac
1090 384 1220 431 bene
1262 383 1486 430 custodi·

70 516 74 521 .
125 485 224 523 tae.
292 469 426 517 Vasa
464 482 606 515 sacra
643 482 736 531 per
773 464 1060 512 sacerdotes
1110 463 1484 529 abstergantur,

125 564 174 601 et
220 548 502 616 corporalia
560 545 818 593 laventur.
920 542 1237 590 Vestimenta
1290 542 1485 598 altaris,

120 640 372 679 vetustate
410 621 703 682 consumta,
737 621 1036 687 redigantur
1065 624 1113 670 in
1144 624 1372 677 cineres,
1410 624 1486 668 in·

120 720 198 758 tra
232 707 513 755 Ecclesiam
551 701 923 752 recondendos.
1017 716 1089 749 12.
1131 700 1380 764 Obligatis
1422 698 1486 747 ad

114 784 470 855 peragendum
506 783 753 832 Divinum
789 781 1018 828 officium
1043 816 1057 837 ,
1110 782 1360 844 praecipit
1396 796 1486 826 no-

121 878 352 916 cturnam
405 866 775 911 surrectionem
810 897 825 918 ,
873 862 1101 906 matutini
1147 858 1307 906 officii
1357 863 1487 906 reci-

121 946 261 994 tandi
296 959 466 991 causa.
558 941 905 1005 Obligationes
940 937 1223 1003 pastorales
1261 940 1313 984 in
1352 938 1488 985 cele·
1518 943 1522 949 '

120 1022 326 1073 brandis
363 1023 569 1081 Missis,
618 1014 969 1077 institutione,
1020 1028 1070 1065 et
1105 1017 1283 1066 ritibus
1319 1019 1486 1077 variis,
1559 1060 1568 1067 ,

124 1102 365 1153 inculcat.

636 1229 685 1301 §.
755 1234 970 1294 LXXV.

601 1351 1007 1412 Continuatio.

257 1499 424 1566 Caput
469 1514 542 1559 13.
577 1499 730 1548 Vetat
749 1487 859 1564 „pro
898 1499 1280 1565 qvibuscunqve
1311 1501 1488 1550 Eccle-

122 1581 329 1626 siasticis
367 1579 738 1637 Sam-amentis,
776 1581 1031 1644 pretium,
1067 1585 1354 1646 premium,
1400 1583 1488 1630 vel

121 1660 516 1724 promissionem
550 1661 709 1723 exigi3
755 1657 842 1704 illa
881 1657 1045 1706 solum
1094 1658 1371 1712 admittens
1409 1679 1488 1709 re-

118 1739 216 1802 cipi
253 1753 365 1784 cum
403 1740 674 1801 gratiarum
709 1739 940 1795 actione,
987 1754 1119 1801 qvae
1171 1755 1199 1785 a
1252 1739 1487 1787 fidelibus

120 1826 307 1881 sponte
343 1814 646 1865 offeruntur.
719 1820 807 1864 Ad
837 1821 968 1880 qvod
999 1823 1148 1864 etiam
1188 1822 1247 1865 de
1275 1825 1383 1865 iure
1412 1839 1487 1867 eo·

116 1900 176 1959 gi
205 1906 445 1954 possunt,
484 1900 533 1942 si
558 1899 643 1942 diu
669 1898 841 1958 fuerit
874 1908 1173 1945 consuetum.
1261 1896 1329 1945 At
1365 1896 1486 1946 huic

118 1983 381 2038 postremo
419 1975 591 2020 statuti
627 1973 861 2021 membro
891 1974 1100 2023 subiecit
1129 1975 1488 2026 Bornemisza:

125 2056 407 2100 Curandum
445 2057 540 2099 erit
575 2057 667 2099 hoc
699 2058 777 2100 ius
807 2066 1023 2101 vestrum
1058 2061 1132 2102 ita
1168 2062 1394 2120 exigere,
1433 2070 1490 2105 ut

119 2135 316 2178 interim
345 2135 569 2191 animae,
602 2152 696 2193 pro
730 2136 901 2196 quibus
933 2138 1162 2181 Christus
1182 2154 1366 2197 passus
1395 2150 1488 2195 est,

118 2214 222 2258 sint
257 2213 392 2258 vobis
419 2214 575 2258 multo
611 2215 864 2260 chariores
893 2216 1118 2260 omnibus
1149 2219 1489 2275 proventibus,

122 2308 239 2352 qvos
274 2293 335 2337 ab
374 2293 473 2337 illis
521 2295 616 2338 hac
663 2297 858 2338 ratione
909 2296 1174 2355 aliquando
1223 2297 1488 2345 habuistis.

127 2381 202 2422 14.
241 2367 485 2428 Enarrat‚
522 2373 761 2434 qvinam,
802 2381 851 2417 et
889 2387 992 2433 qvo
1030 2371 1234 2437 sepeliri
1274 2377 1488 2438 possint.

125 2445 318 2510 Qvibus
352 2450 475 2495 item
509 2450 838 2498 Sacramenta
875 2448 1157 2499 secundum
1195 2453 1277 2499 Ius
1315 2452 1491 2502 Eccle-

125 2527 415 2584 siasticum,
453 2531 549 2577 sint
586 2528 840 2595 neganda.
917 2544 991 2588 15.
1029 2529 1268 2579 Decimas
1295 2534 1491 2598 persol-

122 2606 209 2668 vi,
255 2615 304 2652 et
339 2603 466 2654 latas
504 2607 566 2658 ob
607 2625 782 2658 earum
830 2625 931 2659 non
968 2609 1274 2661 solutionem
1312 2629 1490 2659 censu-

1325 2708 1424 2755 ras,
