1779 3128
690 175 873 192 .......
1367 179 1458 225 1⁷7

84 288 622 356 pitibus‚·adaeqvate
660 291 892 356 suppleri
927 294 1138 358 possint.
1223 289 1329 338 Etsi
1366 306 1458 336 ve-

86 390 143 419 ro
184 370 451 420 Pe'terffius
503 387 605 418 non
658 382 957 429 asseveret,
1008 370 1275 438 Synodum
1325 368 1456 417 hanc

89 469 150 500 ex
188 455 435 519 impresso
464 450 733 517 exemp10‚
771 455 1155 517 transscriptam
1187 451 1360 500 fuisse.
1397 449 1456 514 z)

87 532 312 580 referunt
350 529 679 580 nihilominus
708 529 1034 578 celeberrimi
1071 530 1172 578 duo
1211 534 1327 588 viri,
1354 532 1459 578 Mi-

87 611 232 660 chael
269 609 460 670 Denis'‚
509 611 566 674 a)
618 622 666 659 et
703 609 958 676 Georgius
998 610 1130 674 Pray
1158 647 1171 668 ,
1220 610 1282 673 b)
1320 613 1458 676 typis

87 691 276 740 editam
314 692 466 739 fuisse
505 689 636 739 hanc
670 690 967 756 Synodum,
1010 690 1099 737 tali
1140 706 1253 736 cum
1283 693 1459 737 inscri-

85 775 286 837 ptione:
329 774 538 820 statuta
574 772 850 836 Synodalt'a
892 773 1151 818 Ecclesiae
1186 772 1460 817 Nt'trc'ensl's

85 856 209 898 armi
242 853 679 899 MCCCCXCIV.
733 853 951 898 Viennae
995 854 1043 897 ιή
1090 852 1294 897 aedibus
1349 852 1462 896 Col-

87 933 210 995 legz'c‘
248 935 480 979 Caesarei
515 932 784 979 Societatis
820 932 936 978 Iesu
968 930 1213 978 MDLX.

580 1072 631 1142 §.
704 1076 949 1125 LXXIII.

351 1212 515 1267 Amz.
560 1212 832 1268 MDLX.
877 1211 1172 1285 suppleta.

215 1353 511 1406 Editionem
553 1355 717 1415 hanc,
768 1358 961 1407 factam
1010 1352 1167 1406 fuisse
1208 1373 1358 1416 cura,
1408 1368 1459 1406 et

82 1447 255 1485 sumtu
292 1436 435 1484 Pauli
481 1437 845 1496 Bornemissza,
898 1440 985 1502 qvi
1039 1449 1201 1485 semet
1239 1454 1333 1503 pro
1370 1454 1458 1503 ge-

83 1519 171 1563 nio
206 1519 422 1577 aetatis,
462 1520 774 1566 Abstemium
807 1518 963 1566 latine
1013 1517 1297 1575 scribebat,
1349 1534 1459 1565 cer-

82 1606 193 1643 tum
232 1606 309 1643 est
345 1612 407 1643 ex
443 1595 581 1644 illius
617 1597 921 1663 proloqvio‚
961 1598 1097 1663 qvod
1136 1608 1457 1646 memoratae

81 1674 280 1740 Synodi
327 1674 534 1723 Statufls
580 1677 838 1741 praefixit.
888 1677 942 1741 c)
1028 1677 1151 1726 Erat
1186 1677 1274 1725 ille
1310 1688 1457 1725 natus
1514 1733 1521 1737 ,

81 1754 626 1820 Qvinqve-Ecclesiis,
674 1754 734 1818 d)
773 1757 1060 1805 Historicae
1099 1760 1170 1806 rei
1205 1773 1460 1824 perqvam

79 1832 333 1883 addictus.
371 1832 428 1896 e)
513 1834 555 1896 E
592 1834 887 1902 Praeposito
924 1835 1182 1898 Budensi,
1234 1848 1283 1884 et
1321 1834 1457 1883 Con-

908 1908 918 1922 ’
1249 1916 1387 1966 silia-

133 2046 181 2104 z)
213 2048 364 2090 Citato
395 2047 535 2089 toties
568 2061 643 2103 op.
674 2059 807 2104 parte
847 2052 883 2093 Ι.
915 2063 1024 2108 pag.
1055 2059 1150 2105 258.
1219 2048 1266 2101 a)
1298 2048 1455 2089 VVieHS

189 2115 766 2174 Buchdruckergeschicht
787 2149 801 2168 ,
835 2127 971 2172 parte
1003 2119 1059 2160 II.
1095 2131 1198 2174 pag.
1233 2122 1326 2171 623.
1399 2115 1453 2167 b)

191 2187 245 2228 In
276 2184 438 2227 Indice
470 2186 635 2227 rarior.
669 2186 836 2231 libror.
879 2186 1196 2231 Bibliothecae
1227 2185 1456 2228 Universi-
1508 2220 1511 2222 ,

186 2252 293 2292 tatis
323 2252 496 2309 Regiae
527 2255 748 2298 Budensis
770 2285 782 2304 ,
821 2264 953 2308 parte
995 2255 1052 2299 II.
1098 2269 1203 2310 pag.
1233 2256 1330 2308 363.
1406 2252 1453 2306 c)

186 2321 266 2372 Ap.
301 2318 510 2377 Peterffy
540 2324 618 2364 cit.
654 2336 729 2376 op.
760 2332 894 2376 parte
924 2324 959 2367 I.
990 2336 1096 2379 pag.
1129 2325 1223 2367 261.
1300 2321 1352 2373 d)
1383 2321 1455 2362 Ita

186 2396 384 2430 testatur
416 2390 472 2430 de
505 2391 654 2445 seipso
687 2392 733 2432 in
775 2392 1058 2433 documento
1101 2404 1174 2445 ap.
1216 2390 1319 2433 RR.
1351 2388 1453 2428 Sze-

188 2455 315 2496 redai
359 2457 404 2497 in
444 2457 555 2511 Epp,
598 2459 826 2503 Transilv.
873 2473 978 2515 pag.
1009 2468 1101 2507 204.
1165 2457 1211 2511 e)
1241 2459 1307 2499 Ex
1339 2456 1455 2497 eius-

189 2533 285 2563 met
313 2522 463 2566 literis
493 2526 541 2568 id
574 2540 703 2569 erues
726 2557 741 2577 ‚
772 2542 844 2582 ap.
873 2528 998 2582 Pray
1029 2527 1075 2568 in
1105 2525 1293 2580 specim.
1326 2525 1450 2565 Hier.

1181 2646 1185 2649 .
1243 2593 1397 2648 Hung.

729 2690 791 2738 M
