1779 3128
674 186 860 218 92-32
1369 188 1386 220 ι
1399 184 1463 234 43

87 306 221 359 Eccl.
257 301 463 369 Scepus.
503 315 633 358 su0,
683 299 1002 366 Praepositi,
1055 311 1104 349 et
1144 296 1371 366 Capituli
1409 315 1462 347 e·

90 387 282 438 iusdem
324 382 465 430 Eccl.
521 382 751 428 nomine.
842 381 1058 428 Ioannes
1097 380 1254 446 Pe'lpai
1291 378 1463 427 Cano-

87 471 225 518 nicus
252 461 612 518 Castriferrei,
645 462 854 508 nomine
882 459 1127 526 Capituli.
1202 459 1463 525 Georgius

16 599 24 605 ,
85 541 486 599 Himmelreich,
522 539 890 596 Archi-Abbas
929 539 975 587 S.
1013 541 1248 587 Martini.
1317 541 1466 587 Mai·-

81 628 212 675 tinus
251 620 552 670 Zeffrunich
590 620 762 670 Abbas
794 617 1272 666 Pe'chvziradiensis.
1312 618 1463 667 Tho-

78 719 186 752 mas
224 702 400 758 Fulei,
441 700 612 749 Abbas
652 699 976 747 Pilissiensis.
1058 697 1295 747 Andreas
1333 699 1463 747 Vas-

77 784 190 830 vziri
214 819 229 840 ,
266 781 436 829 Abbas
476 781 523 828 S.
561 779 772 828 Adriani
810 777 874 826 de
929 778 1192 827 Szalavz‘tr.
1279 779 1465 827 Petrus

77 862 197 910 Kali
222 898 236 919 ,
273 861 444 908 Abbas
488 858 874 907 Szekszssstrdien.
935 871 987 907 et
1029 859 1358 924 praepositus
1398 857 1463 907 de

78 939 306 989 Chorna.
381 940 570 987 Petrus>
595 939 860 1006 Pf'tzrnany
898 940 1012 987 Soc.
1052 939 1165 986 Iesu
1191 975 1205 995 ,
1246 940 1461 986 nomine

81 1019 371 1084 Praepositi
394 1017 788 1066 Thurociensis.
838 1018 1022 1066 Paulus
1051 1017 1250 1076 Ruber,
1277 1017 1463 1084 Praep.

76 1098 138 1148 B.
179 1099 259 1147 M.
311 1089 372 1147 V.
412 1099 477 1146 dc
515 1098 671 1164 St'tt‘lg,
722 1109 771 1146 et
808 1097 854 1144 S.
893 1096 1152 1145 Thomae.
1244 1099 1466 1146 Ioannes·

79 1177 296 1244 Pyber,
359 1177 542 1243 Praep.
595 1177 954 1226 F'olhevizien.
1045 1177 1232 1226 Paulus
1271 1176 1465 1235 David,

75 1257 261 1322 Praep.
302 1255 548 1304 Orodien.
591 1268 641 1304 et
676 1257 855 1306 Abbas
894 1256 957 1305 de
988 1255 1196 1306 Ludim.
1266 1256 1463 1306 Wolff-

78 1351 274 1402 gangus
314 1335 645 1402 Kapronczai
683 1335 865 1402 Praep.
905 1334 1229 1386 Titeliensis.
1302 1336 1462 1385 Nico-

76 1416 186 1463 laus
246 1414 519 1475 Ialkoczi,
572 1412 754 1482 Praep.
804 1415 1172 1464 Demesiensis.
1247 1416 1462 1482 Stepha-

77 1511 172 1542 nus
211 1492 496 1552 Telekesi,
537 1494 721 1562 Praep.
761 1495 818 1544 B.
846 1496 924 1544 M.
962 1494 1024 1544 V.
1063 1493 1128 1544 de
1164 1494 1463 1544 Also-Tur-

74 1576 143 1639 jc.
241 1572 497 1640 Georgius
544 1574 869 1641 Duboczky,
929 1575 1113 1641 Praep.
1168 1575 1215 1623 S.
1255 1576 1468 1624 Mariae.

77 1653 140 1700 V.
180 1651 243 1700 de
286 1636 494 1718 UJhely.
565 1640 782 1701 Ioannes
821 1653 1022 1701 Kontos
1048 1691 1063 1711 ,
1101 1653 1287 1720 Praep.
1329 1655 1463 1702 Bea-

76 1743 158 1779 tae
199 1733 397 1779 Mariae
448 1732 630 1798 Magd.
670 1732 733 1780 de
784 1733 1092 1781 Pelso-Eum
1123 1771 1137 1790 ,
1191 1746 1241 1782 et
1289 1734 1461 1782 Abbas

76 1811 468 1859 Domolkensis.
555 1812 841 1878 Stephanus
878 1812 1098 1871 Baksai,
1139 1813 1313 1861 Abbas
1358 1813 1463 1862 Le·

75 1890 373 1948 beniensiS,
426 1902 476 1939 et
523 1891 721 1940 Canon.
761 1893 947 1940 Iaurin.
1029 1891 1265 1941 Andreas
1305 1893 1487 1942 Polo„

2 1960 9 1968 ³
76 1972 254 2017 sticzai
294 1968 544 2035 Cruciger
581 1971 959 2037 Soproniensis.
1045 1971 1121 2020 Ut}
1165 1983 1343 2019 autem
1381 1972 1460 2019 fa-

75 2049 224 2096 cilius
271 2048 336 2095 ad
386 2052 618 2116 omnium
663 2053 899 2098 notitiam
951 2049 1146 2116 Synodi
1183 2050 1331 2098 huius
1369 2051 1460 2099 de-

76 2139 216 2175 creta
253 2131 628 2193 pervenirent,
678 2128 911 2177 decrevit
950 2129 1221 2195 Synodus,
1274 2141 1329 2178 ut
1370 2130 1461 2179 ubi

74 2210 299 2272 primum
353 2208 627 2274 Episcopi,
679 2207 999 2256 Archiabbas
1036 2246 1051 2268 ,
1111 2220 1161 2258 et
1210 2209 1458 2270 AbbateS,

75 2295 230 2348 atqve
282 2287 579 2353 Praepositi
620 2291 880 2354 exempti,
931 2290 1239 2355 impressum
1281 2307 1455 2338 exem-

74 2363 191 2429 plat·
232 2368 691 2426 constitutionum,
745 2367 808 2415 ab
846 2366 1296 2435 Archi-Episcopo
1334 2372 1460 2419 mis-

77 2459 221 2499 sum,
262 2448 588 2510 acceperint,
629 2447 1010 2495 Dioecesanam
1047 2446 1331 2513 Synodum,
1369 2461 1459 2498 aut

80 2519 550 2587 Congregationem
588 2526 686 2575 sibi
736 2526 1080 2575 subiectorum
1119 2526 1459 2576 Sacerdotum

77 2612 403 2659 convocent,
453 2605 502 2649 in
544 2621 645 2668 qva
683 2606 878 2653 Statuta
926 2606 1121 2670 Synodi
1170 2605 1316 2655 huius
1366 2624 1459 2672 pu-

1292 2687 1390 2736 bli-
