1779 3128
64 314 147 352 tur
203 299 370 348 forma
425 299 756 366 peragendae
815 300 1079 348 electionis
1151 317 1245 367 per
1302 304 1446 349 viam

68 386 442 447 compromissi.
531 381 808 429 Electionis
857 382 958 426 iam
1007 381 1304 445 perfectae,
1359 400 1445 430 co-

63 477 175 509 ram
215 461 367 509 Clero
407 475 455 510 et
490 460 646 527 plebe
683 461 1051 519 annunciatio,
1091 473 1198 509 tum
1237 461 1445 520 relatio,

65 552 222 606 atqve
277 543 679 590 confirmationis
727 541 912 605 petitio
945 576 960 598 ,
1026 538 1090 588 ad
1148 540 1446 589 Romanum

64 620 373 670 Pontificem
402 618 718 669 adornanda.
788 618 1052 667 Postremo
1082 619 1306 668 refertur
1339 621 1445 668 ele-

67 704 171 749 ctio
208 700 446 749 facienda
481 718 574 767 per
611 701 1034 765 inspirationem,
1086 697 1209 745 dum
1246 699 1446 749 scilicet

19 809 39 837 -,
68 779 213 829 nullo
251 781 548 847 specialiter
593 789 814 828 tractatu
865 776 1244 843 praecedente,
1297 782 1448 842 qvasi

63 859 259 909 Divina
298 863 632 927 inspiratione
665 861 867 917 cuncti,
903 857 1046 906 nullo
1085 857 1460 907 contradicen-·

67 951 151 997 te,
188 943 238 988 in
278 941 519 989 eumdem
557 949 944 988 consenserunt.
1015 937 1240 986 Demum
1268 941 1442 1002 seqvi-

62 1030 150 1067 tur
198 1021 365 1069 forma
415 1020 681 1070 relationis
733 1018 976 1068 Pontifici
1025 1017 1265 1067 Romano
1313 1017 1442 1068 faci-

68 1100 251 1151 endae.
917 1098 921 1106 ’

595 1232 645 1302 §.
715 1235 906 1284 Xv111.

286 1357 565 1434 Synodus
605 1358 823 1416 Poson.
875 1353 1057 1414 MCC
1057 1353 1214 1414 CIX.

196 1501 466 1565 Decretis,
507 1522 642 1570 qvae
680 1521 814 1554 nunc
863 1505 1026 1554 relata
1060 1516 1175 1565 sunt
1203 1541 1218 1563 ,
1267 1501 1441 1571 publi«-

63 1586 220 1643 catiS,
258 1595 602 1650 posteaqvam
639 1597 690 1634 et
728 1585 941 1634 Carolus
975 1586 1265 1652 Hungaris,
1305 1594 1354 1632 et
1388 1582 1443 1631 hi

62 1663 251 1712 Carolo
290 1663 448 1712 fidem
498 1683 643 1714 suam
680 1666 1066 1714 obstrinxerunt
1101 1702 1116 1725 ,
1164 1662 1441 1729 Archiepi—

60 1761 244 1810 scopus
280 1744 641 1810 Strigoniensis
674 1744 908 1795 Thomas
934 1781 949 1804 ,
997 1748 1136 1793 iussu
1183 1744 1440 1793 Cardina-

59 1822 122 1872 lis
161 1823 376 1889 Legati,
415 1841 657 1872 coronam
687 1841 908 1884 novam,
947 1825 1009 1873 ab
1038 1824 1136 1874 hoc
1168 1836 1440 1879 sacratam,

58 1900 215 1968 Regis
253 1905 474 1963 vertici,
514 1903 596 1952 die
638 1904 752 1954 XV.
785 1906 949 1965 Iunii,
988 1903 1169 1953 Budae
1208 1908 1443 1970 impone·

58 1980 166 2031 bat.
202 1982 261 2045 x)
338 1982 631 2032 Cardinalis
667 2001 792 2034 vero
830 1984 1054 2034 Gentilis
1097 1984 1308 2032 Posonii
1345 1984 1440 2049 Sy-

59 2059 255 2108 nodum
292 2078 425 2111 anno
464 2062 683 2121 eodem,
731 2075 914 2128 qvarto
949 2063 1063 2112 idus
1102 2062 1440 2120 Novembris,

60 2136 127 2187 de
167 2139 523 2190 praelatorum
560 2143 758 2209 Regni,
796 2160 1001 2191 assensu
1037 2154 1088 2191 et
1126 2142 1343 2190 consilio
1371 2141 1440 2207 y)

59 2218 354 2279 celebrans,
392 2220 520 2270 haec
557 2222 818 2282 decrevit,
852 2240 947 2288 per
983 2239 1066 2270 me
1103 2224 1156 2269 in
1193 2238 1441 2288 compen-

62 2295 149 2345 dio
184 2299 492 2349 referenda:
531 2317 573 2351 1.
606 2301 684 2350 Ne
724 2306 835 2367 qvis
874 2303 1191 2368 Episcopos,
1248 2313 1296 2349 et
1338 2301 1440 2349 Le-

671 2382 721 2430 D
764 2399 790 2431 2
1283 2397 1373 2446 ga-

121 2503 175 2560 X)
205 2507 394 2567 Legitur
436 2514 702 2556 confectum
745 2515 944 2569 desuper
985 2513 1322 2556 documentum
1365 2525 1438 2566 ap.

173 2575 267 2617 RR.
308 2580 471 2622 Koller
512 2583 556 2624 in
599 2583 703 2624 hist.
747 2586 861 2637 Epp.
906 2585 1102 2639 Qvian.
1144 2583 1198 2623 T.
1242 2583 1297 2622 II.
1333 2595 1437 2635 pag.

178 2647 272 2698 296.
349 2649 401 2702 y)
442 2650 515 2691 Sic
557 2652 733 2710 legitur
777 2653 820 2693 in
864 2650 1153 2706 praefatione
1197 2651 1432 2692 decretor.

182 2712 312 2754 huius
343 2714 529 2771 synodi,
