1779 3128
254 206 261 212 ν
298 168 393 216 288
897 171 1084 199 ξ

802 275 852 347 §.
925 280 1140 332 CXXII.

461 431 610 506 Syn.
667 427 922 485 Valaclz.
966 448 1024 486 a.
1069 429 1526 491 MDCXCVH.

432 603 690 652 Euthenos
720 605 900 652 imitati
939 614 1055 652 sunt
1103 604 1252 653 brevi
1290 618 1404 671 post
1439 617 1676 674 tempore

298 684 513 734 Valachi
550 682 1002 746 Transsilvaniae3
1041 700 1259 748 qvorum
1297 685 1560 747 Maiores,
1600 690 1675 736 uti

299 765 399 816 fert
448 765 735 812 communis
786 765 1000 829 opinio,
1048 761 1112 811 ad
1161 780 1242 811 eas
1293 768 1534 827 antiqvae
1570 767 1674 815 Da-

296 849 403 893 ciae
441 855 610 911 partes
631 879 646 902 ,
683 845 969 908 Imperator
990 840 1245 891 Traianus
1267 878 1282 901 ,
1321 861 1382 891 ex
1411 845 1551 892 Italia
1583 845 1673 894 de-

297 925 457 975 duxit.
532 922 846 989 Qflmobrem
880 933 1044 971 semet
1079 923 1253 988 lingva
1283 926 1491 989 propria
1514 960 1529 984 ,
1566 929 1675 974 Rc>-

295 1023 470 1054 manos
518 1002 783 1065 hodieqve
822 1002 1153 1067 compellant.
1191 1004 1253 1067 p)
1341 1004 1406 1050 Hi
1462 1021 1673 1068 qvoqve

294 1084 563 1132 Schismati
605 1081 925 1139 Graecanico
948 1084 1088 1148 prius
1111 1080 1332 1141 addicti,
1372 1086 1529 1149 gratia
1555 1084 1674 1142 Dei,

297 1182 354 1213 ac
390 1180 545 1230 opera
588 1161 725 1210 Pauli
759 1161 982 1229 Baranyi
1013 1179 1039 1209 e
1077 1161 1189 1211 Soc.
1225 1164 1339 1211 Iesu
1363 1161 1673 1222 Sacerdotis,

294 1260 398 1293 ann
441 1246 581 1305 1697.
614 1257 794 1289 mense
831 1241 1111 1290 Februario
1149 1241 1409 1307 Synodum
1460 1252 1674 1308 egerunt

295 1323 386 1372 sub
420 1322 680 1391 praesidio
733 1319 1039 1388 Theophyli
1090 1321 1342 1370 Praesulis
1375 1358 1390 1380 ,
1445 1338 1504 1369 ae
1555 1332 1674 1388 post

299 1403 510 1469 longam
549 1401 1010 1460 deliberationem,
1061 1400 1232 1452 taliter
1268 1411 1496 1448 mentem
1533 1416 1676 1448 suam

258 1492 641 1550 'aperueruntz
687 1482 796 1529 Nos
846 1483 1167 1545 ‚Theophylus
1208 1482 1316 1555 Dei
1358 1484 1534 1545 gratia
1570 1484 1672 1528 Ec-

301 1567 481 1611 clesiae
532 1562 835 1609 Valachicae
880 1564 930 1608 in
971 1563 1372 1625 Transylvania,
1417 1562 1674 1621 partibus-

298 1661 383 1707 qve
424 1642 675 1706 Ungariae
711 1643 864 1686 eidem
891 1643 1101 1687 annexis
1137 1643 1449 1701 Episcopus,
1489 1650 1539 1695 ec
1563 1642 1672 1686 uni·

295 1738 468 1768 versus
520 1722 735 1766 eiusdem
800 1722 1059 1767 Ecclesiae
1127 1721 1299 1765 Clerus
1325 1754 1340 1778 ,
1407 1722 1671 1766 memoriae

296 1803 727 1857 commendamus,
767 1809 937 1845 tenore
965 1801 1336 1862 praesentium,
1374 1801 1545 1861 quibus
1579 1815 1667 1845 ex-

290 1884 430 1946 pedit
473 1883 716 1927 universis
744 1915 758 1937 ,
811 1881 940 1942 qvod
963 1913 979 1937 ,
1028 1895 1137 1925 cum
1186 1879 1350 1938 elapso
1397 1879 1671 1923 Februario

293 1960 645 2010 Albae-Iuliae
675 1960 955 2023 generalem
993 1957 1250 2021 Synodum
1287 1957 1666 2013 celebraremus,

297 2042 522 2087 unanimi
570 2054 809 2084 consensu
859 2038 1220 2093 conclusimus,
1275 2051 1364 2081 nos
1412 2037 1572 2080 redire
1618 2039 1668 2081 in

293 2122 538 2183 gremium
587 2117 805 2164 Sanctae
855 2113 1054 2163 Matris
1105 2116 1365 2161 Ecclesiae
1411 2114 1668 2160 Romano-

302 2200 621 2253 CaHzolicae,
658 2198 901 2259 eidemque
932 2196 1157 2249 reunire,
1195 2211 1253 2239 ea
1288 2195 1452 2239 omnia
1491 2195 1671 2238 admit·

298 2286 489 2337 tentes,
525 2276 847 2339 profitentes,
881 2284 931 2321 et
970 2275 1258 2333 credentes,
1301 2288 1421 2334 qvae
1455 2274 1544 2316 illa
1578 2273 1668 2317 ad-

1485 2352 1600 2396 mit·
1693 2356 1695 2358 ’

356 2485 409 2541 p)
439 2485 643 2541 Legatur
665 2486 702 2526 P
739 2483 967 2526 Francisci
997 2480 1220 2537 Fasching
1251 2465 1378 2521 Nova
1406 2480 1548 2520 Docta
1577 2486 1668 2523 etc.

377 2565 379 2570 ·
416 2562 548 2607 parte
580 2558 614 2597 I.
650 2552 690 2610 ᾗ.
724 2554 891 2606 primo.
949 2551 1064 2592 Item
1095 2550 1146 2590 P.
1179 2550 1390 2592 Andreae
1420 2548 1558 2596 Illia,
1589 2549 1675 2586 Or-

413 2631 488 2661 tus
530 2630 574 2662 et
613 2637 890 2674 progressus
928 2625 1092 2660 variar.
1133 2624 1173 2658 in
1216 2618 1355 2658 Dacia
1390 2617 1597 2658 Gentium
1629 2623 1675 2655 et

406 2689 698 2743 Religionum.
759 2689 873 2729 Pars
904 2688 936 2731 I.
967 2686 1006 2744 §.
1043 2700 1084 2740 3.
