1779 3128
320 177 410 233 186
904 192 1085 208 ·“·-·····

313 303 494 362 miles,
532 302 711 350 relicta
749 302 814 350 ad
859 306 967 369 pias
1005 321 1217 366 causas,
1267 308 1494 370 itemqve
1542 306 1676 355 male

315 383 520 440 ablata,
557 384 615 429 iis
653 380 719 428 ad
756 400 881 446 qvos
932 383 1199 443 adtinent,
1251 387 1382 433 intra
1433 397 1674 434 semestre

314 478 415 509 non
452 459 899 521 administrantes,
935 466 1043 528 ipso
1074 464 1207 512 facto
1236 463 1559 513 declarantur
1590 482 1674 531 ως·

313 543 688 589 communicati,
770 548 845 595 28.
896 542 1331 591 Excommunicati
1381 554 1429 591 et
1465 542 1711 592 interdi-¹
1752 579 1761 600 0

312 621 413 677 cti,
459 619 696 667 iubentur
745 623 798 668 in
849 620 1043 669 Divinis
1094 622 1284 669 officiis
1334 625 1528 682 vitari,
1579 621 1673 670 sub
1737 658 1779 685 ¹.

309 697 698 763 irregularitatis
746 716 930 766 poena.
1029 700 1248 748 Subiecit
1299 700 1416 748 huic
1467 703 1675 750 decreto

310 776 524 825 Praesul
558 776 916 825 Bornemisza:
973 795 1210 826 excusare
1266 779 1329 826 ab
1379 779 1470 828 hac
1507 796 1675 845 poena

310 858 687 922 ignorantiam3
737 867 845 904 tum
897 874 1039 904 casus
1092 860 1142 906 in
1178 857 1531 905 Ecclesiastico
1568 862 1676 907 iure

308 946 642 983 memoratos.
730 950 806 996 29.
856 935 934 983 Ne
973 931 1155 984 causas'
1183 934 1248 983 ad
1294 936 1464 984 forum
1500 936 1679 985 Eccle-

310 1017 416 1062 siae
467 1025 758 1079 spectantes
792 1051 807 1073 ,
858 1015 980 1062 laici
1030 1013 1223 1062 iudices
1261 1026 1500 1063 tractent.
1588 1025 1671 1073 30.

308 1092 692 1159 Religiosorum
743 1092 1150 1141 mendicantium
1187 1094 1398 1153 abusus,
1453 1097 1504 1141 in
1557 1111 1677 1142 con-

310 1174 541 1219 cessione
580 1175 944 1238 qvarumpiam
992 1176 1267 1238 gratiarum
1316 1173 1676 1238 spiritualium,

308 1253 732 1316 comprimuntur.
813 1265 892 1310 31.
948 1252 1141 1299 Munus
1189 1262 1239 1299 et
1289 1251 1534 1316 obligatio
1581 1252 1677 1300 Ar-

309 1327 724 1378 chidiaconorum
764 1331 1083 1396 explanatur.
1167 1343 1247 1388 32.
1283 1328 1677 1378 Commessatio-

309 1425 401 1456 nes
443 1408 723 1468 Praelatis,
774 1420 824 1457 et
873 1412 1055 1458 ceteris
1107 1409 1171 1456 de
1211 1407 1364 1457 Clero
1414 1420 1672 1458 vetantur.

306 1502 390 1546 33.
428 1487 683 1549 Usurarii,
723 1488 1042 1554 repellantur
1081 1487 1144 1536 ab
1184 1488 1364 1545 altari,
1401 1505 1496 1536 nec
1532 1488 1675 1536 obla-

308 1570 471 1615 tiones
521 1567 722 1614 illorum
765 1578 1114 1633 acceptentur.
1204 1566 1414 1615 Ceteras
1465 1584 1675 1631 qvoqve

307 1645 524 1692 subeant
563 1662 788 1711 poenas,
837 1648 887 1693 in
935 1646 1291 1694 Ecclesiastico
1339 1648 1450 1693 iure
1490 1643 1674 1693 descri-

306 1735 441 1790 ptas.
512 1738 590 1782 34.
629 1724 952 1774 Parochiales
989 1725 1253 1773 Ecclesiae
1276 1762 1293 1786 ,
1346 1735 1462 1772 actu
1500 1724 1674 1771 Pasto-

304 1822 361 1852 re
401 1816 664 1862 carentes,
701 1821 794 1869 per
829 1804 954 1851 alios
993 1821 1094 1851 non
1132 1814 1440 1869 usurpentur
1486 1801 1577 1850 sub
1614 1805 1675 1850 ti·

306 1883 417 1931 tulo
454 1881 808 1949 capellarum,
855 1883 1079 1946 alioqvin
1131 1882 1671 1930 excommunicationis

304 1979 530 2028 poenam
576 1965 685 2027 ipso
733 1962 867 2009 facto
905 1964 1210 2010 incursuros,
1299 1973 1380 2018 55.
1419 1958 1674 2007 Ecclesia·

304 2058 421 2088 rum
475 2041 718 2089 Rectores
756 2051 997 2088 moneant
1047 2038 1386 2087 Parochianos
1425 2054 1538 2084 suos
1563 2074 1577 2096 ,
1617 2047 1671 2085 ut

303 2118 530 2168 infantes
567 2120 700 2168 ultra
735 2118 839 2167 dies
877 2116 1022 2177 octo,
1078 2120 1187 2165 sine
1224 2117 1530 2182 Baptismate
1570 2133 1671 2163 non

304 2198 637 2262 relinqvant,
676 2199 736 2246 ab
774 2203 1002 2264 ingressu
1041 2197 1301 2245 Ecclesiae
1339 2193 1671 2260 prohibendi.

302 2276 558 2325 Moneant
596 2276 837 2335 eosdem,
888 2289 941 2324 ut
977 2275 1199 2324 infantes
1238 2277 1290 2321 in
1325 2273 1461 2321 lecto
1497 2289 1671 2321 secum

303 2371 409 2403 non
453 2366 695 2413 teneant,
748 2367 963 2421 excepto
1010 2357 1328 2402 necessitatis
1364 2369 1502 2400 casu.
1589 2353 1670 2410 36.

304 2432 623 2482 Enarrantur
661 2433 767 2481 dies
818 2435 935 2482 festi
971 2450 1062 2499 per
1111 2434 1403 2480 Dioecesim
1442 2431 1671 2480 Nitrien-

306 2527 417 2559 sem
454 2511 692 2570 colendi,
729 2514 921 2576 absqve
952 2512 1126 2559 servili
1154 2512 1329 2559 labore
1352 2550 1367 2571 ,
1406 2523 1563 2575 atqve
1599 2509 1670 2569 hi,

304 2601 513 2659 praeter
550 2590 881 2653 Dominicos,
942 2593 1316 2657 qvinqvaginta
1347 2601 1544 2658 septem
1581 2606 1670 2636 nu-

1501 2684 1608 2718 me-
