1779 3128
337 177 428 242 1256
916 206 1100 224 ······¹··-

330 317 518 365 Sacrae
560 318 811 377 Corona-e,
848 343 914 354 —-
945 345 1013 353 -—-—
1045 337 1232 382 semper
1269 320 1500 381 fideliter
1549 325 1700 369 serv?-

330 400 420 442 m’t.
464 392 523 458 g)
607 394 696 453 Id,
748 394 889 459 qvod
933 412 1068 445 anno
1118 409 1368 462 seqvente
1400 435 1416 457 ‚
1466 398 1584 449 Pius
1634 401 1698 450 ΙΙ.

331 473 573 521 Pontifex
608 474 942 535 confirmans,
979 475 1258 524 sec-undum
1289 481 1500 543 antiqva
1536 481 1699 545 privi-

329 552 498 618 legia,
547 569 678 618 qvae
725 552 958 602 Stockius
1008 555 1221 615 adtulit,
1273 559 1353 615 ei,
1403 561 1699 622 ceterisqve

331 630 575 698 deinceps
624 634 728 680 eius
775 635 828 681 in
880 633 1243 699 praepositura
1304 638 1699 698 successoribus,

330 710 596 778 Synodum
632 711 954 762 convocandi
990 716 1067 763 ius
1113 713 1474 765 confirmabat.
1505 715 1566 780 h)

856 866 906 938 §.
975 871 1171 921 LXIX.

634 1005 791 1077 Eius
835 1005 1070 1084 Synodi
1108 1026 1385 1065 canones.

465 1163 581 1230 Qvo
618 1165 727 1212 iure
764 1182 879 1214 usus
917 1167 1131 1216 Ioannes
1168 1167 1321 1216 Stock
1353 1167 1699 1232 praepositus,

331 1259 465 1291 anno
529 1246 670 1299 1460.
734 1243 997 1311 Synodum
1051 1245 1316 1296 indicebat
1364 1245 1698 1295 Leuchoviae

332 1323 742 1381 celebrandani;
790 1327 871 1372 cui
919 1324 1129 1374 iubebat
1184 1328 1431 1374 interesse
1484 1324 1697 1390 Capitu-

328 1397 435 1451 lum
471 1403 838 1468 Scepusiense3
891 1402 1143 1451 Plebanos
1182 1420 1389 1469 qvoqve
1441 1403 1698 1453 Ecclesia-

328 1499 443 1529 ΜΠ]
497 1481 901 1539 parochialium,
957 1483 1236 1541 Hectores,
1289 1494 1338 1533 et
1373 1499 1548 1530 curam
1588 1484 1699 1529 ani-

327 1578 532 1610 marum
565 1560 810 1609 habentes
828 1596 844 1619 ,,
879 1560 1168 1627 ubicu'nqve
1206 1565 1259 1611 in
1295 1562 1547 1613 Districtu
1581 1561 1699 1611 Sce-

326 1642 588 1707 pusiensi,
638 1651 687 1687 et
725 1639 877 1698 alibi,
925 1641 1016 1688 sub
1068 1644 1171 1689 eius
1213 1644 1512 1689 constitutos
1550 1643 1698 1687 iuris·
1769 1652 1771 1660 ¹

329 1716 571 1768 dictione.
604 1719 664 1781 -i)
737 1718 881 1767 Editi
914 1731 1025 1769 sunt
1064 1721 1136 1768 ibi
1163 1737 1418 1781 canones,
1455 1736 1579 1785 qvos
1605 1720 1697 1767 Pe‘-

327 1798 490 1863 terffiy
527 1814 588 1845 ex
626 1797 856 1846 archivio
892 1798 1340 1866 Archiepiscopali
1389 1815 1544 1848 manu
1581 1815 1698 1846 exa·-

325 1888 496 1934 ratos,
545 1877 869 1938 obtinuerat3
922 1878 984 1941 k)
1026 1896 1088 1926 ex
1119 1879 1266 1927 huius
1323 1889 1496 1926 autem
1535 1894 1696 1943 opere
1774 1928 1776 1937 y

327 1956 613 2026 Stephanus
650 1956 902 2025 Kaprinai
938 1956 1004 2007 ad
1038 1958 1257 2008 verbum
1292 1958 1582 2023 descripsit.
1636 1956 1696 2020 l)
1776 2019 1777 2025 ἵ

1483 2036 1630 2101 Qvae

382 2171 436 2229 g)
467 2172 537 2213 Ita
566 2172 612 2213 in
655 2167 849 2222 diplom,
893 2168 1016 2224 qvod
1053 2168 1224 2225 legitur
1265 2181 1338 2221 ap.
1380 2168 1584 2227 Wagner
1616 2168 1695 2209 cit.

437 2253 511 2292 op.
552 2249 682 2294 parte
721 2241 755 2281 Ι.
799 2253 904 2296 pag.
942 2249 1039 2294 338·
1080 2248 1126 2279 et
1164 2251 1236 2291 ap.
1276 2235 1432 2290 Steph.
1475 2236 1695 2290 Kaprinai

434 2308 586 2364 Hung.
627 2307 870 2361 diplomat.
911 2316 1042 2360 parte
1082 2310 1139 2350 ΙΙ.
1183 2319 1289 2361 pag.
1324 2315 1416 2355 184.
1484 2304 1536 2360 h)
1566 2304 1700 2362 Legi-

436 2383 512 2415 tur
542 2376 694 2428 Papae
722 2375 855 2418 Bulla
884 2389 955 2428 ap.
983 2371 1189 2428 Pe'terffy
1212 2373 1266 2414 T.
1298 2372 1331 2416 Ι.
1364 2386 1467 2430 pag.
1501 2386 1592 2426 197.
1623 2386 1696 2426 ap.

433 2442 557 2497 Pray
589 2444 635 2483 in
666 2445 853 2496 specim.
886 2443 1009 2487 Hier.
1044 2443 1192 2499 Hung.
1225 2449 1355 2494 parte
1398 2444 1433 2484 I.
1475 2454 1579 2497 pag.
1622 2450 1692 2494 58.

437 2523 509 2563 ap.
551 2512 753 2566 VVdgner
798 2512 873 2553 cit.
918 2525 993 2564 op.
1045 2519 1175 2563 parte
1221 2509 1368 2562 prima
1395 2537 1409 2558 ,
1448 2521 1554 2564 pag.
1596 2511 1695 2560 368.

436 2578 482 2631 i)
519 2578 593 2620 Ita
634 2579 678 2619 in
712 2579 912 2635 prologo
953 2578 1125 2633 Synodi
1159 2576 1367 2621 habetur.
1425 2575 1475 2631 k)
1507 2576 1617 2617 Vide
1648 2589 1698 2615 o-

437 2658 519 2699 pus
551 2644 676 2686 illius
708 2647 844 2687 toties
876 2647 1193 2694 nominatum,
1234 2655 1364 2699 parte
1394 2645 1428 2688 1.
1459 2658 1564 2702 pag.
1596 2657 1693 2688 202.

438 2714 488 2770 l)
523 2715 606 2760 eit.
637 2715 787 2770 operis
819 2724 952 2769 parte
988 2718 1045 2762 ΙΙ.
1076 2729 1180 2773 pag.
1212 2725 1308 2770 458.

1760 1183 1764 1247 g
1778 1162 1779 1215 J
