1779 3128
0 773 2 836 Ι

0 838 1 883 1

681 234 863 253 m

681 254 865 263 ————·

1361 234 1451 284 115

82 356 306 404 dinarum
327 384 343 407 ‚
394 350 530 397 circa
564 350 762 412 festum
819 351 1107 396 nativitatis
1158 351 1224 396 B.
1264 349 1347 399 M.
1390 348 1453 395 V.

82 454 171 498 per
200 434 472 496 potentiam
507 432 785 476 eorumdem
826 433 1015 476 Civium
1067 432 1126 476 de
1160 431 1306 492 festo
1339 446 1454 474 con-

81 521 339 562 sueverant
386 513 652 572 impedire,
704 512 1003 556 relaxarunt
1038 544 1052 566 ,
1107 513 1275 573 vigore
1311 510 1457 555 iusti·

83 597 182 640 tiae
216 593 562 651 compellente,
599 592 797 636 adiecta
813 608 974 652 poena
1005 601 1117 635 200.
1148 606 1452 644 marcarum,

81 677 131 721 si
164 674 564 719 contravenerint
598 674 647 717 in
684 671 963 732 futurum:
1007 670 1343 717 Nihilominus
1380 678 1458 714 ta·

79 771 185 801 men
224 756 330 813 ipso
368 762 585 812 tempore
620 753 949 797 nundinarum
972 785 987 808 ,
1044 751 1195 794 eidem
1230 749 1462 794 Budensi

80 832 340 881 Ecclesiae
372 835 447 878 ita
484 848 535 877 se
571 834 897 895 irreverentes
933 830 1167 876 exhibent
1189 863 1204 886 ,
1267 836 1316 872 et
1351 844 1456 872 mo-

79 914 233 958 lestos
255 901 366 969 ,ut
403 910 679 972 officiales,
734 918 782 955 et
818 910 1120 956 tributarios
1156 910 1310 968 ipsius
1351 909 1456 952 'Ec-

81 994 262 1038 clesiae
298 991 424 1037 inibi
471 992 787 1048 destinatos,
830 990 1124 1052 frequenter
1178 990 1226 1033 in
1279 1003 1456 1050 aquam

81 1073 319 1117 deiiciant
366 1070 630 1124 Danubii,
686 1079 735 1115 et
780 1071 903 1114 ‘aliis
955 1068 1298 1127 corporalibus
1333 1066 1457 1128 affi-

83 1155 221 1197 ciant
255 1152 486 1206 iniuriis,
537 1150 701 1195 verbis
749 1149 978 1210 turpibus
1024 1148 1346 1204 insultando,
1397 1149 1458 1192 de

83 1222 255 1292 ovibus
288 1246 377 1288 per
411 1230 602 1273 eosdem
645 1231 801 1284 cives,
850 1228 985 1273 nulla
1016 1229 1218 1287 penitus
1247 1227 1455 1272 ‘iustitia

79 1309 341 1354 exhibetur
378 1307 799 1369 conquerentibus.
873 1307 1114 1366 Insuper,
1155 1323 1263 1352 cum
1291 1308 1339 1351 in
1366 1323 1456 1351 na·

83 1387 279 1433 vahbus
316 1387 622 1431 ascendenab
652 1420 666 1442 ,
720 1395 770 1431 et
816 1387 1151 1432 abscenaknab
1209 1386 1457 1430 mubutunz

80 1468 234 1512 eidem
271 1467 499 1512 Budensi
531 1466 790 1510 Ecclesiae
843 1466 1086 1511 debeatur
1123 1469 1272 1510 iuxta
1301 1466 1458 1524 privi-

84 1547 265 1607 legium
287 1547 353 1591 B.
379 1545 626 1601 Laclislai,
668 1555 717 1590 et
748 1546 1107 1608 gloriosissimi
1131 1545 1291 1608 Regis
1324 1545 1458 1607 Gey-

82 1641 202 1682 sae,
251 1626 350 1685 ipsi
395 1633 557 1670 tamen
595 1628 724 1670 cives
761 1635 811 1670 et
858 1628 1020 1671 iurati
1056 1627 1229 1671 Castri
1253 1626 1454 1686 praedi·

76 1706 178 1759 cti,
239 1705 297 1749 cle
332 1704 478 1749 rebus
531 1705 983 1750 mercimonialibus
1022 1707 1221 1766 navigio
1260 1706 1462 1750 descen-

82 1783 362 1845 dentibus,
426 1783 670 1829 tributum
716 1786 915 1848 exigere
960 1786 1310 1845 potentialiter
1358 1801 1456 1830 non

74 1865 409 1924 permittunt,
463 1864 521 1907 cle
559 1880 681 1909 novo
731 1881 762 1908 a
792 1866 1105 1924 perceptione
1154 1864 1341 1910 tributi
1372 1881 1458 1909 na-

78 1944 208 1987 vium
246 1929 644 1988 descendentium
684 1945 1020 1989 inhumaniter
1072 1960 1102 1988 a
1142 1944 1456 2003 possessione

73 2023 380 2081 percipiendi
407 2022 651 2082 pacifica,
707 2032 884 2069 contra
931 2031 1149 2069 tenorem
1182 2023 1455 2084 privilegii,

76 2101 232 2158 ipsam
268 2102 548 2147 Budensem
584 2103 865 2148 Ecclesiam
900 2103 1225 2163 probibendo.
1313 2101 1456 2148 Loca

75 2181 224 2224 etiam
255 2180 588 2240 piscationum
626 2184 838 2228 eiusdem
885 2184 1136 2228 Budensis
1172 2182 1452 2238 Ecclesiae,

74 2274 193 2319 qvae
235 2259 285 2304 T
280 2277 413 2323 onya
449 2263 727 2323 vulgariter
776 2271 1155 2321 nuncupantur,
1209 2277 1336 2307 ausu
1371 2277 1456 2307 sa·

80 2338 299 2400 crilego,
339 2356 370 2384 a
405 2342 578 2385 multis
615 2341 920 2401 temporibus
957 2350 1133 2386 contra
1164 2349 1454 2401 protestan-

78 2424 154 2460 tes
187 2451 203 2473 ,
256 2427 305 2462 et
365 2420 660 2466 inhibitores
718 2422 1055 2480 multiplices,
1107 2421 1456 2481 potentialiter

79 2505 358 2554 occupant,
405 2500 684 2546 molendina
737 2503 1097 2546 constituentes
1133 2503 1183 2546 in
1226 2502 1347 2560 ipsis
1382 2500 1454 2545 lo-

77 2574 149 2617 cis
181 2575 512 2633 piscationum
538 2597 630 2638 pro
665 2596 790 2625 suae
820 2580 966 2624 libitu
994 2581 1268 2625 voluntatis
1284 2596 1305 2637 ;
1343 2593 1453 2624 cum

78 2659 245 2698 tamen
281 2655 330 2698 in
363 2657 639 2721 privilegiis
673 2660 836 2720 Regis
867 2661 936 2704 sit
971 2674 1292 2720 expressum,
1332 2667 1387 2702 ut
1422 2672 1454 2702 a

718 2731 765 2783 H
805 2751 831 2784 2
1234 2745 1385 2799 portu
