1779 3128
1394 190 1486 237 257

114 316 295 364 qvoqve
326 314 629 362 gravamen,
677 297 837 345 Sacra
885 300 1005 344 haec
1045 295 1276 360 Synodus
1307 314 1490 357 provo-

116 390 234 427 cata
268 394 373 423 esse
409 379 516 422 vult
538 412 554 434 ,
588 380 765 436 prouti
795 387 844 422 et
875 387 1136 435 provocat.
1206 391 1254 432 4.
1308 374 1491 423 Domi-

113 460 166 505 ni
205 453 562 520 Capitulares,
600 453 774 502 habito
811 453 1024 502 Domini
1063 454 1283 504 praelati
1320 458 1494 504 suiin-

112 537 460 601 gravescentis
511 538 692 582 aetatis
747 532 1008 600 condigno
1050 546 1332 600 respecta,
1385 539 1493 584 vita

114 616 223 662 eius
263 616 570 680 superstite,
623 630 802 661 omnes
839 616 887 661 in
925 612 1153 661 Ecclesia
1191 613 1493 664 Cathedrali

40 741 45 746 ,
111 695 419 752 conciones,
471 696 521 741 in
569 711 621 742 se
669 704 1010 760 receperunt,
1066 691 1253 741 demtis
1305 693 1489 743 dunta-

111 784 234 831 xat,
292 773 593 838 Praeposito
642 774 879 832 Maiore,
928 773 1189 832 Lectore,
1244 772 1491 834 Cantore,

113 864 163 901 et
204 852 464 908 Custode,
517 853 581 900 ob
631 852 942 919 multiplices
981 870 1160 900 eorum
1198 857 1495 918 occupatio-

110 950 220 982 nes,
313 948 362 992 5.
416 933 702 990 Statuitur,
752 944 803 981 ut
853 949 948 998 pro
1009 931 1281 981 deficiente
1341 932 1494 981 Clero

112 1012 443 1060 Dioecesano
474 1048 487 1067 ἢ
540 1010 860 1077 Zagrabiae,
909 1015 957 1061 in
1006 1014 1266 1060 territorio
1315 1013 1494 1061 Eccle-

111 1095 249 1148 siae,
286 1091 522 1139 fundatio
561 1095 887 1149 instituatur,
927 1110 987 1140 ex
1017 1091 1246 1140 eiusdem
1276 1094 1361 1157 pia
1390 1093 1493 1140 lar·-

108 1174 320 1237 gitione.
396 1169 619 1218 Proinde
659 1175 829 1234 qvivis
871 1171 1129 1220 Parochus
1179 1171 1310 1220 hunc
1347 1174 1397 1220 in
1434 1173 1494 1219 fi-

91 1267 265 1314 nem,
315 1266 471 1296 unuin
522 1250 919 1312 Hungaricalem
974 1252 1254 1308 florenum,
1307 1251 1493 1300 Archi-

112 1327 333 1377 diacono
384 1345 472 1375 suo
524 1332 824 1394 consignare
873 1330 1149 1397 obligetur.
1239 1334 1284 1381 6.
1339 1332 1493 1380 Reci-

110 1408 330 1475 piendus
369 1408 434 1456 ad
471 1407 602 1456 hanc
641 1408 1001 1458 fundationem
1038 1410 1331 1471 Parochus,
1383 1416 1493 1460 vita

109 1487 330 1536 durante
380 1489 732 1537 coadiutorem
783 1488 971 1538 habeat
1016 1492 1067 1537 in
1119 1490 1367 1539 Parochia
1398 1529 1413 1550 ,
1462 1507 1491 1540 a

111 1585 215 1633 qvo
272 1570 412 1616 iuxta
471 1580 754 1634 proventus
815 1573 1206 1636 proportionem
1240 1607 1255 1629 ,
1322 1587 1490 1619 annue

108 1664 255 1696 suam
301 1647 510 1697 habebit
574 1660 757 1698 ratam.
841 1663 888 1708 7.
944 1648 1027 1697 Ad
1075 1649 1491 1715 promovendam

107 1725 242 1775 hanc
293 1726 693 1787 fundationem,
748 1727 964 1777 Parochi
1018 1732 1125 1777 sine
1172 1741 1488 1779 testamento

56 1866 60 1867 ⁷
107 1804 441 1863 decedewis,
479 1823 596 1872 pars
634 1811 785 1855 tertia
814 1808 1159 1867 substantiae,
1199 1826 1333 1872 qvae
1361 1810 1489 1858 alias

109 1886 429 1952 pauperibus
468 1887 790 1951 obtingeret,
840 1885 1005 1936 eidem
1047 1887 1350 1955 adplicetur.
1424 1889 1491 1936 Il-

107 1965 184 2014 los
223 1983 431 2030 qvoqve
471 1965 758 2024 Parochos,
795 1965 976 2030 q'vibus
1015 1966 1208 2015 Dixina
1248 1968 1489 2029 benigni·

110 2056 186 2093 tas
227 2048 476 2094 concessit
514 2056 880 2095 testamentum
913 2045 1169 2106 condere,
1223 2046 1490 2096 fundatio·

107 2127 186 2173 nis
226 2123 394 2172 dictae
432 2141 688 2172 memores
717 2142 826 2172 esse
858 2126 1134 2191 oportebit.
1207 2134 1252 2180 8.
1292 2126 1381 2175 Pia
1416 2127 1490 2176 le-

108 2214 261 2268 gata,
298 2204 416 2251 solis
457 2204 637 2253 relicta
671 2203 946 2263 Ecclesiis,
987 2205 1129 2254 nulla
1167 2205 1383 2255 Parochi
1411 2207 1488 2255 fa-

110 2294 191 2330 cta
210 2285 510 2340 mentione,
551 2282 626 2330 his
653 2283 899 2331 duntaxat
936 2283 1240 2351 obtingant,
1277 2303 1371 2352 pro
1409 2304 1489 2335 ar-

110 2359 264 2408 bitrio
317 2360 611 2419 Ordinarii,
660 2361 747 2409 vel
802 2361 1169 2412 Archidiaconi
1208 2364 1284 2413 his
1325 2366 1490 2432 adpli-

112 2440 297 2488 canda.
381 2440 598 2490 Ceterae
635 2441 955 2499 oblationeS,
1009 2460 1142 2507 qvae
1182 2445 1488 2494 Rectoribus

109 2516 489 2577 Ecclesiarum,
544 2523 730 2569 intuitu
778 2520 1023 2570 duntaxat
1058 2526 1261 2589 piorum
1301 2524 1490 2573 suffra-

113 2599 350 2663 giorum,
393 2598 543 2658 fiunt,
597 2617 689 2665 pro
736 2599 920 2649 iisdem
968 2605 1305 2669 recipientur:
1346 2605 1487 2651 salva

790 2679 834 2727 R
1315 2687 1418 2750 pri-
