1779 3128
725 232 908 250 --·-
1416 231 1505 275 103

132 357 291 403 minus
340 348 616 412 approbata
643 381 659 405 ‚
713 349 868 392 robur
920 349 1240 410 infringant,
1297 353 1387 394 aut
1439 346 1513 389 ad

134 435 291 484 solum
326 430 613 477 schismatis
648 436 871 489 tempus,
914 430 1134 478 Concilia
1161 429 1302 476 dicta
1339 427 1507 473 detor·

133 522 326 577 queant.

270 672 481 719 Tertio:
515 672 650 718 Hinc
686 669 1011 730 Apostolicae
1052 672 1326 730 potestatis
1363 685 1508 714 usum

131 754 514 808 moderandam,
557 768 648 811 per
697 767 908 796 canones
959 753 1141 811 spiritu
1191 751 1298 796 Dei
1344 752 1509 795 condi-

132 843 212 879 tos
242 864 257 887 ‚
308 842 356 878 et
406 834 568 878 totius·
602 833 774 876 mundi
818 833 1095 876 reverentia
1147 838 1506 876 consecratos:

132 915 295 959 valere
348 914 497 974 etiam
548 911 784 974 regulas,
836 927 1030 965 mores,
1084 920 1134 956 et
1186 912 1426 955 instituta
1478 925 1510 954 a

133 994 334 1055 Regno,
368 1001 417 1037 et
440 992 670 1038 Ecclesia
701 992 968 1041 Gallicana
1000 1000 1198 1052 recepta
1217 1025 1233 1048 ,
1269 992 1508 1036 Patriam-

135 1089 221 1133 qve
259 1074 498 1116 terminos
535 1087 732 1115 manere
756 1072 1109 1125 inconcussos,
1146 1079 1291 1131 atqve
1326 1072 1382 1115 id
1399 1086 1509 1130 per-

136 1154 293 1196 tinere
328 1152 400 1196 ad
429 1151 802 1210 amplitudinem
849 1151 1174 1209 Apostolicae
1224 1148 1399 1205 Sedis,
1459 1158 1516 1195 ut

135 1239 366 1284 statuta,
404 1239 453 1275 et
489 1229 864 1275 consvetudines
885 1227 1100 1274 Sanctae
1125 1227 1296 1283 Sedis,
1332 1238 1382 1274 et
1410 1231 1513 1274 Ec·

137 1310 404 1354 elesiarum
451 1311 766 1354 consensione
797 1306 1080 1368 firmatae,
1122 1311 1377 1370 propriam
1411 1318 1519 1354 sta·

136 1388 385 1434 bilitatem
422 1388 697 1434 obtineant.

273 1550 469 1612 Qvarto
503 1565 525 1596 .·
588 1548 652 1595 In
692 1547 826 1609 fidei
880 1565 1061 1612 qvoqve
1119 1550 1511 1611 annes-tionibus,

133 1632 429 1689 praecipuas
465 1627 657 1674 Summi
685 1628 950 1689 Pontifices
987 1645 1092 1674 esse
1122 1639 1331 1690 partes,
1381 1632 1514 1674 eius·

135 1724 223 1769 qve
263 1707 484 1753 Decreta
529 1709 601 1752 ad
643 1723 844 1765 omnes,
901 1717 949 1753 et
983 1710 1209 1771 singulas
1247 1710 1509 1755 Ecclesias

129 1789 380 1847 pertinere
402 1821 419 1843 ‚
470 1804 556 1833 nec
601 1796 764 1833 tamen
815 1789 1182 1849 irreformabile
1233 1805 1338 1834 esse
1383 1791 1512 1835 iudi-

137 1868 266 1911 cium
287 1900 302 1924 ‚
345 1867 445 1913 nisi
476 1869 734 1914 Ecclesiae
770 1884 1034 1914 consensus
1067 1871 1357 1915 accesserit..

271 2023 419 2088 Qvae
457 2022 670 2088 qvidem
708 2027 1088 2092 propositiones
1127 2026 1336 2074 auribus
1369 2025 1514 2075 Chri-

139 2105 315 2151 stianis
353 2102 634 2164 absurdae,
695 2116 742 2152 et
780 2104 935 2171 plane
975 2104 1344 2166 detestabiles,
1398 2124 1514 2155 cum

134 2179 232 2248 per
278 2182 558 2249 Hungarici
606 2202 811 2248 qvoqve
862 2185 1032 2251 Regni
1091 2173 1429 2246 PiovinciaS,
1486 2205 1517 2237 a

133 2261 354 2310 Satanae
404 2265 649 2312 ministris
706 2263 1071 2312 disseminatae
1121 2268 1253 2324 sint,
1308 2283 1369 2314 eo
1407 2267 1513 2317 for·

137 2350 273 2388 tasse
323 2343 569 2402 consilio,
619 2354 673 2391 ut
738 2344 1125 2409 perduellioni,
1189 2357 1238 2393 et
1302 2351 1518 2396 caeteris

139 2419 290 2466 malis
328 2422 578 2471 intestinis
624 2423 907 2489 pabulum,
961 2436 1009 2472 et
1057 2425 1348 2493 fomentum
1395 2444 1518 2492 sup·

139 2495 410 2562 peditent,
447 2513 495 2548 et
530 2505 766 2551 incautos
806 2502 1042 2552 fidelium
1081 2507 1317 2563 animOS,
1368 2506 1514 2556 bian-

143 2575 210 2627 da
244 2580 449 2642 pietatis
493 2586 694 2647 specie,
749 2582 1137 2633 schismaticum
1172 2587 1314 2633 virus
1352 2586 1516 2633 instil-

136 2653 266 2707 lent:
315 2655 418 2706 Nos
456 2664 644 2713 omissa
681 2665 732 2713 in
768 2680 1013 2731 praesens
1057 2681 1177 2715 cura
1215 2682 1298 2714 eas
1337 2666 1515 2714 eorm,

1339 2756 1450 2794 tar.-
