1779 3128
109 316 308 369 uitam,
361 310 589 374 seqvitur
637 310 834 359 additio
872 309 1264 368 Berislaviana‚
1315 305 1479 354 incul-

106 409 223 441 cans
266 390 495 439 Plebano
534 390 746 438 cuilibet
778 389 1207 447 sollicitudinem,
1247 398 1300 435 ut
1339 390 1478 450 qvis-

109 489 210 536 qve
258 486 466 517 suorum
525 472 731 517 noverit
776 468 1078 518 Orationem
1129 468 1482 524 Dominicam‚

104 567 221 598 cum
258 548 575 615 Evangelica
599 549 910 597 salutatione
931 587 945 607 ‚
974 566 1033 596 ac
1056 547 1322 615 Symbolo,
1352 545 1480 594 duo-

104 628 278 678 decim
338 628 460 678 fidei
518 629 760 677 articulos
815 629 1086 696 complexo
1123 665 1138 686 ‚
1210 630 1480 676 occasione

103 708 454 757 Confessionis
483 712 804 759 recitaturUS.
878 709 994 775 Qva
1025 710 1317 765 terminata,
1355 724 1480 774 qva-

100 787 286 836 lisnam
345 787 518 837 danda
577 806 672 856 pro
724 792 949 855 peccatis
1002 790 1328 853 poenitentia
1361 823 1374 845 ‚
1432 798 1482 835 et

102 885 236 933 qvae
272 867 607 917 absolutionis
647 867 872 916 formula
909 870 973 915 sit
1023 864 1289 914 recitanda
1325 902 1340 925 ‚
1393 868 1481 914 ist·

99 946 186 996 hic
225 948 457 997 docetur.
526 946 690 996 Addit
719 947 975 995 Statilius:
1012 957 1066 994 ut
1101 946 1270 994 nullus
1309 944 1481 994 alieno

99 1025 373 1076 Sacerdoti
412 1028 720 1076 confiteatur
755 1038 1001 1093 peccata,
1041 1042 1145 1073 non
1182 1027 1345 1092 petita
1378 1027 1483 1092 pri-

101 1124 159 1155 us
198 1123 226 1154 a
264 1110 476 1173 proprio
514 1105 790 1155 Sacerdote
826 1106 1069 1167 licentia3
1107 1121 1242 1169 qvae
1276 1122 1382 1153 non
1405 1116 1482 1156 est

96 1184 411 1252 ‘deneganda
440 1186 718 1235 malitiose.
790 1185 1172 1234 Enumerantur
1193 1197 1374 1251 postea
1397 1202 1481 1235 ca-

99 1283 216 1324 sus,
267 1268 319 1313 in
371 1265 547 1329 qvibus
588 1264 856 1312 Confessio
910 1265 1022 1312 fieri
1078 1276 1250 1331 potest
1307 1282 1481 1315 coram

98 1345 266 1394 alieno
318 1343 614 1393 Sacerdote.
704 1343 919 1392 Cautela
972 1343 1222 1402 docetur,
1275 1362 1339 1393 ne
1390 1361 1479 1394 au-

97 1423 247 1472 diens
295 1423 521 1472 notabile
571 1434 844 1490 peccatum
880 1461 896 1482 ,
957 1427 1112 1490 signis
1166 1425 1479 1490 qvibusdam

100 1502 362 1551 deterreat
399 1504 737 1552 confitentem
775 1515 1083 1572 tantopere,
1132 1515 1185 1552 ut
1222 1504 1357 1553 hunc
1395 1523 1478 1555 ce-

103 1593 215 1631 tera
251 1582 442 1648 pudeat
481 1582 735 1632 revelare.
807 1583 1227 1642 Enumerantur,
1265 1587 1354 1649 qvi
1392 1603 1478 1633 ex-

99 1673 180 1709 tra
218 1664 397 1710 mortis
432 1662 757 1728 periculum,
812 1662 1000 1726 absqve
1036 1663 1241 1712 lic-entia
1278 1668 1478 1730 specia-

99 1739 137 1788 li
162 1777 177 1799 ‚
215 1757 316 1788 non
353 1752 566 1808 possunt
602 1741 820 1790 absolvi.
894 1742 1009 1791 Post
1049 1743 1332 1810 qvemdam
1372 1761 1479 1793 rur-

96 1836 183 1868 sus
221 1819 429 1869 chartae
460 1819 690 1879 hiatum,
728 1822 970 1870 iubentur
1007 1839 1166 1873 annos
1206 1825 1478 1873 discretio·

98 1902 178 1947 nis
218 1898 509 1961 habenteS,
537 1902 589 1947 in
627 1917 761 1951 anno
797 1902 958 1949 semel
998 1903 1250 1952 confiteri.
1324 1904 1478 1952 Prae-

101 1991 312 2046 ceptum
349 1978 448 2027 hoc
478 1990 901 2039 contemnentes,
937 1981 998 2032 ab
1034 1985 1262 2048 ingressu
1300 1984 1478 2032 Eccle—

93 2062 203 2108 siae
244 2057 558 2124 prohibendi
595 2060 958 2109 decernuntur.
1051 2062 1260 2113 Parochi
1296 2075 1478 2112 vetan-

100 2149 182 2186 tur
221 2138 282 2186 ab
323 2141 489 2204 aegris
528 2155 623 2205 pro
667 2139 1115 2189 Sacramentorum
1154 2142 1479 2193 administra-

95 2219 237 2265 tione
276 2221 552 2282 qvicqvam
591 2235 806 2284 poscere
839 2238 853 2281 3
909 2233 993 2269 aut
1030 2223 1345 2289 imponendo
1382 2240 1478 2290 pro

98 2300 328 2362 peccatis
363 2297 460 2346 hoc
498 2316 663 2358 onus,
699 2311 753 2348 ut
789 2303 1062 2367 poenitens
1103 2314 1247 2351 curet
1290 2303 1481 2352 Missas

99 2374 381 2436 celebrari,
418 2390 581 2427 semet
619 2377 685 2427 ad
725 2379 1093 2430 celebrandum
1130 2383 1353 2443 offerre3
1391 2383 1482 2432 vel

101 2455 308 2519 exigere
347 2459 620 2523 qvicqvam
673 2471 888 2527 propter
927 2465 1280 2530 poenitentiae
1317 2462 1477 2515 dicta·

102 2543 214 2583 tum
257 2550 403 2585 onus.

1047 2699 1408 2771 §.Lxxxn.
