1811 3128
287 226 330 275 ,6
879 234 1065 254 nnn——

294 356 520 396 notatur.
604 344 760 394 Cuius
808 343 1045 406 decreta,
1092 356 1299 412 praeter
1343 344 1464 405 hos,
1516 346 1664 413 typis-

250 435 255 441 '
293 425 570 490 vulgarunt
600 424 1042 473 Reverendissimi
1069 428 1197 484 viri,
1228 424 1480 490 Geor-gius
1502 425 1654 491 Pmy,

292 504 356 570 p)
395 515 445 551 et
491 502 745 570 Josephus
794 504 990 553 Koller.
1043 505 1101 568 q)
1189 502 1288 553 Sed
1338 503 1487 552 alteri
1538 502 1659 552 huic
1733 521 1737 523 ·

291 598 397 630 non
434 582 607 648 placet
633 585 899 648 inscriptio
927 582 1152 648 Synodi‚
1187 583 1329 631 velut
1364 599 1656 648 repugnans

293 660 418 709 fidei
457 660 830 727 diplomatum,
873 678 1006 725 qvae
1041 663 1144 709 iam
1184 673 1350 710 aetate
1387 664 1654 727 superiore

290 741 558 788 nominant
595 739 988 806 Metropolitam
1011 740 1381 799 Bachiensem‚
1420 742 1509 804 qvi
1531 739 1655 787 Stri-

288 821 546 884 goniensis
569 817 964 884 Archiepiscopi
1003 819 1369 885 Suffraganeus
1404 835 1503 866 non
1528 828 1654 867 erat.

288 898 342 959 r)
382 897 573 944 Verum
621 896 883 945 tollendae
934 897 1229 946 difficultati
1267 900 1427 945 *viam
1460 898 1655 963 reperit

286 973 395 1023 RR.
449 976 695 1034 Katona,
759 973 1052 1041 producens
1114 975 1482 1024 documentum
1530 977 1651 1022 anni

284 1053 482 1103 MCVI.
521 1055 570 1114 s)
624 1053 762 1117 qvod
809 1053 1035 1101 affirmat
1075 1053 1417 1102 Colomanum
1455 1052 1653 1119 Regem

285 1133 646 1199 praecepisse,
697 1142 751 1178 ut
786 1142 954 1179 metae
989 1133 1297 1180 Monasterii
1351 1149 1446 1198 pro
1483 1131 1650 1180 Bene-

286 1210 492 1258 dictinis
540 1212 590 1257 in
642 1220 816 1258 monte
854 1210 1021 1258 Zobor
1069 1210 1135 1258 ad
1171 1211 1391 1258 Nitriam
1427 1209 1649 1269 fundati,

281 1288 476 1338 limites
526 1290 860 1353 signarentur.
959 1289 1165 1344 Etenim
1215 1291 1545 1336 nominantur
1593 1291 1646 1336 in

287 1371 397 1415 eius
437 1367 661 1415 clausula
684 1403 698 1425 ‚
736 1368 1044 1416 Laurentius
1081 1367 1421 1433 Metropolita
1459 1368 1650 1433 Strigo·

283 1449 477 1496 niensis
508 1483 521 1504 ,
587 1447 852 1493 Manasses
908 1447 1195 1512 Episcopus
1264 1446 1644 1511 Zagiabiensis,

283 1523 473 1573 Paulus
513 1524 841 1582 Colocensis,
882 1526 1052 1572 Simon
1090 1524 1642 1590 Qvinqve-ecclesien-

282 1606 382 1663 sis,
424 1604 660 1651 Volferus
698 1606 991 1669 Agriensis,
1041 1605 1214 1651 Simon
1252 1603 1644 1662 Uitrasilvanus‚

278 1681 579 1731 Matthaeus
628 1682 1049 1748 Vespiwziensis,
1098 1682 1380 1731 Marcellus
1426 1681 1643 1730 Vacien-

281 1763 383 1820 sis,
437 1760 688 1825 Georgius
739 1760 1065 1817 Geni-{ensi5,
1116 1764 1279 1810 Sixtus
1324 1760 1644 1809 Vax-adinen·

281 1842 348 1888 sis
368 1876 383 1903 ‚
416 1839 723 1887 Laurentius
753 1839 1154 1901 Chanadiensis‚
1196 1852 1244 1890 et
1276 1840 1530 1907 Georgius
1557 1837 1649 1888 Ja-

1441 1918 1579 1968 ·der-

335 2049 386 2106 p)
416 2050 468 2091 In
500 2049 750 2103 appendice
781 2049 1011 2092 Diatribes
1053 2051 1097 2092 in
1139 2051 1330 2092 Dissert.
1371 2049 1486 2100 hist..
1518 2049 1645 2090 criti-

389 2132 488 2159 cam
527 2119 710 2158 Antonii
753 2119 1002 2173 Gonoczy‚
1045 2121 1100 2160 de
1145 2120 1185 2159 S.
1230 2119 1440 2160 Ladislao
1488 2119 1638 2173 Hung.

387 2185 513 2241 Rege
546 2195 632 2227 etc.
695 2185 744 2239 q)
776 2188 826 2226 In
858 2188 1052 2239 append.
1088 2188 1286 2228 secunda
1317 2188 1393 2229 cit.
1425 2186 1637 2239 superius

389 2253 571 2306 operis,
602 2263 646 2293 et
678 2254 805 2298 tomi.
865 2255 910 2307 r)
940 2256 1052 2296 Tale
1084 2257 1409 2296 documentum
1443 2264 1511 2309 est
1543 2255 1637 2295 edi-

322 2376 329 2380 ·
389 2329 485 2360 tum
519 2320 559 2361 S.
593 2321 791 2362 Ladislai
825 2331 1004 2370 aetate,
1051 2338 1121 2376 ap.
1154 2322 1417 2366 Kercselich
1458 2323 1503 2363 in
1534 2322 1641 2365 hist.

389 2387 517 2429 Cath.
558 2388 680 2429 Eccl.
723 2390 914 2445 Zagrab.
958 2404 1061 2447 pag.
1107 2403 1141 2433 1.
1183 2390 1379 2443 itemqu
1424 2404 1495 2443 ap.
1541 2391 1635 2432 RR.

382 2454 546 2498 Koller
589 2457 663 2498 cit.
707 2469 781 2508 op.
822 2458 874 2500 T.
915 2458 946 2499 I.
979 2472 1020 2509 p.
1068 2472 1159 2510 159.
1193 2458 1270 2498 ubi
1302 2462 1348 2504 A,
1380 2459 1526 2511 Episc.
1558 2459 1639 2500 Ba-

384 2522 576 2564 chiensis
603 2550 616 2572 ,
655 2523 876 2564 Fabianus
919 2525 1194 2566 nominatur.
1262 2523 1303 2579 s)
1336 2527 1463 2567 Hunc
1495 2526 1636 2567 docu-

383 2600 540 2631 mento
584 2590 655 2630 illi
697 2605 895 2640 annum,
951 2593 1246 2646 caeteroqvin
1288 2594 1332 2634 in
1380 2603 1635 2635 transumto

383 2672 579 2700 erronee
623 2659 850 2712 positum,
890 2659 1057 2713 adponi
1101 2661 1299 2709 debere,
1342 2663 1508 2715 probat
1538 2662 1629 2703 RR.

380 2726 504 2783 Pray
533 2725 578 2768 in
610 2726 794 2781 specim.
826 2725 947 2771 Hier.
980 2728 1129 2785 Hung.
1160 2738 1290 2783 parte
1320 2730 1375 2773 II.
1406 2743 1507 2788 pag.
1539 2743 1581 2786 5.
