<?xml version="1.0" encoding="UTF-8"?>
<!DOCTYPE html PUBLIC "-//W3C//DTD XHTML 1.0 Transitional//EN"
    "http://www.w3.org/TR/xhtml1/DTD/xhtml1-transitional.dtd">
<html xmlns="http://www.w3.org/1999/xhtml" xml:lang="en" lang="en">
 <head>
  <title>
</title>
<meta http-equiv="Content-Type" content="text/html;charset=utf-8" />
  <meta name='ocr-system' content='tesseract 3.04.00' />
  <meta name='ocr-capabilities' content='ocr_page ocr_carea ocr_par ocr_line ocrx_word'/>
</head>
<body>
  <div class='ocr_page' id='page_1' title='image "./synopsiscriticoh00szvouoft_0187.png"; bbox 0 0 1779 3128; ppageno 0'>
   <div class='ocr_carea' id='block_1_1' title="bbox 675 232 858 241">
    <p class='ocr_par' dir='ltr' id='par_1_1' title="bbox 675 232 858 241">
     <span class='ocr_line' id='line_1_1' title="bbox 675 232 858 241; baseline 0 2887"><span class='ocrx_word' id='word_1_1' title='bbox 675 232 858 241; x_wconf 95' lang='lat' dir='ltr'><strong> </strong></span> 
     </span>
    </p>
   </div>
   <div class='ocr_carea' id='block_1_2' title="bbox 675 200 1453 261">
    <p class='ocr_par' dir='ltr' id='par_1_2' title="bbox 675 200 1453 261">
     <span class='ocr_line' id='line_1_2' title="bbox 675 200 1453 261; baseline -0.003 -13"><span class='ocrx_word' id='word_1_2' title='bbox 675 212 858 228; x_wconf 88' lang='grc'><strong>·--·</strong></span> <span class='ocrx_word' id='word_1_3' title='bbox 1162 246 1165 248; x_wconf 85' lang='grc'><strong>,</strong></span> <span class='ocrx_word' id='word_1_4' title='bbox 1363 200 1453 261; x_wconf 82' lang='lat'><strong>169</strong></span> 
     </span>
    </p>
   </div>
   <div class='ocr_carea' id='block_1_3' title="bbox 37 319 1526 2627">
    <p class='ocr_par' dir='ltr' id='par_1_3' title="bbox 37 319 1526 2627">
     <span class='ocr_line' id='line_1_3' title="bbox 76 319 1459 394; baseline -0.005 -19"><span class='ocrx_word' id='word_1_5' title='bbox 76 343 172 394; x_wconf 90' lang='lat' dir='ltr'><strong>per</strong></span> <span class='ocrx_word' id='word_1_6' title='bbox 207 332 451 373; x_wconf 83' lang='lat' dir='ltr'><strong>semestre</strong></span> <span class='ocrx_word' id='word_1_7' title='bbox 503 319 566 370; x_wconf 88' lang='lat' dir='ltr'><strong>ab</strong></span> <span class='ocrx_word' id='word_1_8' title='bbox 617 321 795 369; x_wconf 80' lang='lat' dir='ltr'><strong>officio</strong></span> <span class='ocrx_word' id='word_1_9' title='bbox 847 338 1117 388; x_wconf 79' lang='lat' dir='ltr'><strong>suspensus</strong></span> <span class='ocrx_word' id='word_1_10' title='bbox 1169 331 1332 374; x_wconf 62' lang='lat' dir='ltr'><strong>esto·⁵</strong></span> <span class='ocrx_word' id='word_1_11' title='bbox 1385 334 1459 379; x_wconf 91' lang='lat'><strong>17.</strong></span> 
     </span>
     <span class='ocr_line' id='line_1_4' title="bbox 83 399 1461 467; baseline -0.007 -12"><span class='ocrx_word' id='word_1_12' title='bbox 83 406 170 455; x_wconf 88' lang='lat' dir='ltr'><strong>Uti</strong></span> <span class='ocrx_word' id='word_1_13' title='bbox 209 407 396 460; x_wconf 86' lang='lat' dir='ltr'><strong>etiam,</strong></span> <span class='ocrx_word' id='word_1_14' title='bbox 447 404 535 465; x_wconf 92' lang='lat' dir='ltr'><strong>qvi</strong></span> <span class='ocrx_word' id='word_1_15' title='bbox 588 404 851 449; x_wconf 86' lang='lat' dir='ltr'><strong>coniunxit</strong></span> <span class='ocrx_word' id='word_1_16' title='bbox 906 405 1128 450; x_wconf 79' lang='lat' dir='ltr'><strong>scienter</strong></span> <span class='ocrx_word' id='word_1_17' title='bbox 1174 399 1461 467; x_wconf 86' lang='lat' dir='ltr'><strong>prohibitos</strong></span> 
     </span>
     <span class='ocr_line' id='line_1_5' title="bbox 80 480 1460 548; baseline -0.003 -17"><span class='ocrx_word' id='word_1_18' title='bbox 80 485 327 548; x_wconf 82' lang='lat' dir='ltr'><strong>qvopiam</strong></span> <span class='ocrx_word' id='word_1_19' title='bbox 362 480 758 546; x_wconf 86' lang='lat' dir='ltr'><strong>impedimento.</strong></span> <span class='ocrx_word' id='word_1_20' title='bbox 837 488 910 534; x_wconf 83' lang='lat'><strong>18.</strong></span> <span class='ocrx_word' id='word_1_21' title='bbox 950 480 1323 529; x_wconf 84' lang='lat' dir='ltr'><strong>Contrahentes</strong></span> <span class='ocrx_word' id='word_1_22' title='bbox 1351 496 1460 528; x_wconf 88' lang='lat' dir='ltr'><strong>ma-</strong></span> 
     </span>
     <span class='ocr_line' id='line_1_6' title="bbox 75 561 1464 626; baseline -0.003 -15"><span class='ocrx_word' id='word_1_23' title='bbox 75 565 378 612; x_wconf 88' lang='lat' dir='ltr'><strong>trimonium</strong></span> <span class='ocrx_word' id='word_1_24' title='bbox 414 562 767 619; x_wconf 78' lang='lat' dir='ltr'><strong>clandestine,</strong></span> <span class='ocrx_word' id='word_1_25' title='bbox 805 573 965 626; x_wconf 88' lang='lat' dir='ltr'><strong>puta,</strong></span> <span class='ocrx_word' id='word_1_26' title='bbox 1002 564 1109 608; x_wconf 91' lang='lat' dir='ltr'><strong>sine</strong></span> <span class='ocrx_word' id='word_1_27' title='bbox 1138 561 1337 620; x_wconf 87' lang='lat' dir='ltr'><strong>bannis,</strong></span> <span class='ocrx_word' id='word_1_28' title='bbox 1367 576 1464 608; x_wconf 91' lang='lat' dir='ltr'><strong>nec</strong></span> 
     </span>
     <span class='ocr_line' id='line_1_7' title="bbox 37 641 1459 706; baseline -0.003 -15"><span class='ocrx_word' id='word_1_29' title='bbox 37 646 128 691; x_wconf 80' lang='lat' dir='ltr'><strong>‘in</strong></span> <span class='ocrx_word' id='word_1_30' title='bbox 179 643 313 690; x_wconf 88' lang='lat' dir='ltr'><strong>facie</strong></span> <span class='ocrx_word' id='word_1_31' title='bbox 367 641 632 690; x_wconf 79' lang='lat' dir='ltr'><strong>Ecclesiae</strong></span> <span class='ocrx_word' id='word_1_32' title='bbox 662 679 676 700; x_wconf 94' lang='lat'><strong>,</strong></span> <span class='ocrx_word' id='word_1_33' title='bbox 724 641 919 704; x_wconf 82' lang='lat' dir='ltr'><strong>absqve</strong></span> <span class='ocrx_word' id='word_1_34' title='bbox 968 643 1263 706; x_wconf 87' lang='lat' dir='ltr'><strong>praesentia</strong></span> <span class='ocrx_word' id='word_1_35' title='bbox 1303 643 1459 687; x_wconf 82' lang='lat' dir='ltr'><strong>trium</strong></span> 
     </span>
     <span class='ocr_line' id='line_1_8' title="bbox 75 720 1462 787; baseline -0.004 -15"><span class='ocrx_word' id='word_1_36' title='bbox 75 725 287 772; x_wconf 83' lang='lat' dir='ltr'><strong>testium</strong></span> <span class='ocrx_word' id='word_1_37' title='bbox 334 720 436 769; x_wconf 83' lang='lat' dir='ltr'><strong>fide</strong></span> <span class='ocrx_word' id='word_1_38' title='bbox 485 721 761 787; x_wconf 83' lang='lat' dir='ltr'><strong>dignorum</strong></span> <span class='ocrx_word' id='word_1_39' title='bbox 795 758 809 778; x_wconf 91' lang='lat'><strong>,</strong></span> <span class='ocrx_word' id='word_1_40' title='bbox 861 723 1048 785; x_wconf 76' lang='lat' dir='ltr'><strong>viginti</strong></span> <span class='ocrx_word' id='word_1_41' title='bbox 1101 736 1249 767; x_wconf 89' lang='lat' dir='ltr'><strong>cerae</strong></span> <span class='ocrx_word' id='word_1_42' title='bbox 1301 720 1462 767; x_wconf 90' lang='lat' dir='ltr'><strong>libras</strong></span> 
     </span>
     <span class='ocr_line' id='line_1_9' title="bbox 73 798 1461 865; baseline -0.005 -14"><span class='ocrx_word' id='word_1_43' title='bbox 73 802 211 852; x_wconf 70' lang='lat' dir='ltr'><strong>,infra</strong></span> <span class='ocrx_word' id='word_1_44' title='bbox 237 819 500 860; x_wconf 83' lang='lat' dir='ltr'><strong>mensem,</strong></span> <span class='ocrx_word' id='word_1_45' title='bbox 533 801 796 849; x_wconf 75' lang='lat' dir='ltr'><strong>Ecclesiae</strong></span> <span class='ocrx_word' id='word_1_46' title='bbox 824 817 946 848; x_wconf 90' lang='lat' dir='ltr'><strong>suae</strong></span> <span class='ocrx_word' id='word_1_47' title='bbox 972 799 1291 865; x_wconf 76' lang='lat' dir='ltr'><strong>persolvant.</strong></span> <span class='ocrx_word' id='word_1_48' title='bbox 1336 798 1461 845; x_wconf 84' lang='lat' dir='ltr'><strong>Fru-</strong></span> 
     </span>
     <span class='ocr_line' id='line_1_10' title="bbox 77 878 1526 946; baseline -0.003 -16"><span class='ocrx_word' id='word_1_49' title='bbox 77 893 181 931; x_wconf 87' lang='lat' dir='ltr'><strong>stra</strong></span> <span class='ocrx_word' id='word_1_50' title='bbox 234 894 448 930; x_wconf 83' lang='lat' dir='ltr'><strong>eatenus</strong></span> <span class='ocrx_word' id='word_1_51' title='bbox 510 883 737 939; x_wconf 88' lang='lat' dir='ltr'><strong>moniti,</strong></span> <span class='ocrx_word' id='word_1_52' title='bbox 794 880 857 929; x_wconf 90' lang='lat' dir='ltr'><strong>ab</strong></span> <span class='ocrx_word' id='word_1_53' title='bbox 908 883 1142 946; x_wconf 81' lang='lat' dir='ltr'><strong>ingressu</strong></span> <span class='ocrx_word' id='word_1_54' title='bbox 1197 878 1465 926; x_wconf 78' lang='lat' dir='ltr'><strong>Ecclesiae</strong></span> <span class='ocrx_word' id='word_1_55' title='bbox 1522 888 1526 900; x_wconf 87' lang='grc'>·</span> 
     </span>
     <span class='ocr_line' id='line_1_11' title="bbox 77 959 1464 1028; baseline -0.004 -19"><span class='ocrx_word' id='word_1_56' title='bbox 77 961 472 1028; x_wconf 80' lang='lat' dir='ltr'><strong>prohibeantur.</strong></span> <span class='ocrx_word' id='word_1_57' title='bbox 552 976 626 1024; x_wconf 90' lang='lat'><strong>19.</strong></span> <span class='ocrx_word' id='word_1_58' title='bbox 664 960 804 1008; x_wconf 86' lang='lat' dir='ltr'><strong>Istud</strong></span> <span class='ocrx_word' id='word_1_59' title='bbox 839 977 865 1008; x_wconf 88' lang='lat' dir='ltr'><strong>a</strong></span> <span class='ocrx_word' id='word_1_60' title='bbox 896 959 1127 1008; x_wconf 77' lang='lat' dir='ltr'><strong>plebano</strong></span> <span class='ocrx_word' id='word_1_61' title='bbox 1159 960 1346 1022; x_wconf 83' lang='lat' dir='ltr'><strong>qvovis</strong></span> <span class='ocrx_word' id='word_1_62' title='bbox 1375 960 1464 1005; x_wconf 82' lang='lat' dir='ltr'><strong>tri-</strong></span> 
     </span>
     <span class='ocr_line' id='line_1_12' title="bbox 80 1042 1464 1108; baseline -0.002 -19"><span class='ocrx_word' id='word_1_63' title='bbox 80 1045 257 1090; x_wconf 87' lang='lat' dir='ltr'><strong>mestri</strong></span> <span class='ocrx_word' id='word_1_64' title='bbox 290 1043 602 1108; x_wconf 78' lang='lat' dir='ltr'><strong>publicetur,</strong></span> <span class='ocrx_word' id='word_1_65' title='bbox 636 1042 727 1089; x_wconf 93' lang='lat' dir='ltr'><strong>sub</strong></span> <span class='ocrx_word' id='word_1_66' title='bbox 756 1056 927 1107; x_wconf 87' lang='lat' dir='ltr'><strong>poena</strong></span> <span class='ocrx_word' id='word_1_67' title='bbox 950 1042 1099 1086; x_wconf 89' lang='lat' dir='ltr'><strong>unius</strong></span> <span class='ocrx_word' id='word_1_68' title='bbox 1139 1053 1348 1085; x_wconf 86' lang='lat' dir='ltr'><strong>marcae</strong></span> <span class='ocrx_word' id='word_1_69' title='bbox 1386 1054 1464 1086; x_wconf 87' lang='lat' dir='ltr'><strong>ar-</strong></span> 
     </span>
     <span class='ocr_line' id='line_1_13' title="bbox 78 1118 1466 1189; baseline -0.004 -19"><span class='ocrx_word' id='word_1_70' title='bbox 78 1124 253 1189; x_wconf 82' lang='lat' dir='ltr'><strong>genti,</strong></span> <span class='ocrx_word' id='word_1_71' title='bbox 304 1133 353 1170; x_wconf 91' lang='lat' dir='ltr'><strong>et</strong></span> <span class='ocrx_word' id='word_1_72' title='bbox 405 1121 526 1170; x_wconf 89' lang='lat' dir='ltr'><strong>XX.</strong></span> <span class='ocrx_word' id='word_1_73' title='bbox 575 1121 828 1169; x_wconf 88' lang='lat' dir='ltr'><strong>librarum</strong></span> <span class='ocrx_word' id='word_1_74' title='bbox 879 1135 1059 1177; x_wconf 88' lang='lat' dir='ltr'><strong>cerae,</strong></span> <span class='ocrx_word' id='word_1_75' title='bbox 1107 1118 1314 1166; x_wconf 82' lang='lat' dir='ltr'><strong>Vicario</strong></span> <span class='ocrx_word' id='word_1_76' title='bbox 1346 1155 1361 1177; x_wconf 95' lang='lat'><strong>,</strong></span> <span class='ocrx_word' id='word_1_77' title='bbox 1414 1127 1466 1166; x_wconf 88' lang='lat' dir='ltr'><strong>et</strong></span> 
     </span>
     <span class='ocr_line' id='line_1_14' title="bbox 81 1196 1465 1265; baseline -0.002 -16"><span class='ocrx_word' id='word_1_78' title='bbox 81 1205 188 1250; x_wconf 89' lang='lat' dir='ltr'><strong>eius</strong></span> <span class='ocrx_word' id='word_1_79' title='bbox 228 1201 493 1249; x_wconf 81' lang='lat' dir='ltr'><strong>Ecclesiae</strong></span> <span class='ocrx_word' id='word_1_80' title='bbox 529 1201 665 1248; x_wconf 88' lang='lat' dir='ltr'><strong>infra</strong></span> <span class='ocrx_word' id='word_1_81' title='bbox 700 1216 935 1248; x_wconf 88' lang='lat' dir='ltr'><strong>mensem</strong></span> <span class='ocrx_word' id='word_1_82' title='bbox 976 1196 1465 1265; x_wconf 86' lang='lat' dir='ltr'><strong>persolvendarum.</strong></span> 
     </span>
     <span class='ocr_line' id='line_1_15' title="bbox 79 1278 1469 1337; baseline -0.004 -8"><span class='ocrx_word' id='word_1_83' title='bbox 79 1296 158 1329; x_wconf 81' lang='lat'><strong>20.</strong></span> <span class='ocrx_word' id='word_1_84' title='bbox 197 1279 536 1328; x_wconf 87' lang='lat' dir='ltr'><strong>Clandestine</strong></span> <span class='ocrx_word' id='word_1_85' title='bbox 575 1278 968 1337; x_wconf 81' lang='lat' dir='ltr'><strong>contrahentes,</strong></span> <span class='ocrx_word' id='word_1_86' title='bbox 1016 1288 1065 1326; x_wconf 89' lang='lat' dir='ltr'><strong>et</strong></span> <span class='ocrx_word' id='word_1_87' title='bbox 1102 1289 1469 1328; x_wconf 82' lang='lat' dir='ltr'><strong>consumantes</strong></span> 
     </span>
     <span class='ocr_line' id='line_1_16' title="bbox 80 1357 1461 1424; baseline -0.002 -16"><span class='ocrx_word' id='word_1_88' title='bbox 80 1362 516 1416; x_wconf 81' lang='lat' dir='ltr'><strong>matrimonium,</strong></span> <span class='ocrx_word' id='word_1_89' title='bbox 567 1359 631 1407; x_wconf 86' lang='lat' dir='ltr'><strong>ab</strong></span> <span class='ocrx_word' id='word_1_90' title='bbox 681 1361 914 1424; x_wconf 85' lang='lat' dir='ltr'><strong>ingressu</strong></span> <span class='ocrx_word' id='word_1_91' title='bbox 963 1357 1230 1407; x_wconf 85' lang='lat' dir='ltr'><strong>Ecclesiae</strong></span> <span class='ocrx_word' id='word_1_92' title='bbox 1285 1357 1461 1424; x_wconf 89' lang='lat' dir='ltr'><strong>prohi-</strong></span> 
     </span>
     <span class='ocr_line' id='line_1_17' title="bbox 75 1436 1465 1500; baseline -0.004 -11"><span class='ocrx_word' id='word_1_93' title='bbox 75 1440 331 1500; x_wconf 84' lang='lat' dir='ltr'><strong>beantur,</strong></span> <span class='ocrx_word' id='word_1_94' title='bbox 386 1438 622 1488; x_wconf 88' lang='lat' dir='ltr'><strong>Praelato</strong></span> <span class='ocrx_word' id='word_1_95' title='bbox 676 1436 1040 1488; x_wconf 86' lang='lat' dir='ltr'><strong>denunciandi.</strong></span> <span class='ocrx_word' id='word_1_96' title='bbox 1119 1451 1206 1498; x_wconf 82' lang='lat'><strong>21.</strong></span> <span class='ocrx_word' id='word_1_97' title='bbox 1262 1437 1465 1485; x_wconf 84' lang='lat' dir='ltr'><strong>Diebus</strong></span> 
     </span>
     <span class='ocr_line' id='line_1_18' title="bbox 79 1516 1466 1585; baseline -0.003 -17"><span class='ocrx_word' id='word_1_98' title='bbox 79 1522 257 1568; x_wconf 86' lang='lat' dir='ltr'><strong>vetitis</strong></span> <span class='ocrx_word' id='word_1_99' title='bbox 295 1536 360 1566; x_wconf 89' lang='lat' dir='ltr'><strong>ne</strong></span> <span class='ocrx_word' id='word_1_100' title='bbox 410 1518 623 1585; x_wconf 89' lang='lat' dir='ltr'><strong>copulet</strong></span> <span class='ocrx_word' id='word_1_101' title='bbox 671 1517 963 1576; x_wconf 81' lang='lat' dir='ltr'><strong>ParochuS,</strong></span> <span class='ocrx_word' id='word_1_102' title='bbox 999 1535 1172 1582; x_wconf 88' lang='lat' dir='ltr'><strong>neqve</strong></span> <span class='ocrx_word' id='word_1_103' title='bbox 1211 1516 1466 1566; x_wconf 83' lang='lat' dir='ltr'><strong>concedat</strong></span> 
     </span>
     <span class='ocr_line' id='line_1_19' title="bbox 83 1596 1466 1665; baseline -0.001 -18"><span class='ocrx_word' id='word_1_104' title='bbox 83 1601 402 1647; x_wconf 84' lang='lat' dir='ltr'><strong>matrimonii</strong></span> <span class='ocrx_word' id='word_1_105' title='bbox 438 1615 616 1659; x_wconf 90' lang='lat' dir='ltr'><strong>usum,</strong></span> <span class='ocrx_word' id='word_1_106' title='bbox 656 1615 684 1646; x_wconf 88' lang='lat' dir='ltr'><strong>a</strong></span> <span class='ocrx_word' id='word_1_107' title='bbox 720 1602 888 1665; x_wconf 89' lang='lat' dir='ltr'><strong>prima</strong></span> <span class='ocrx_word' id='word_1_108' title='bbox 928 1597 1208 1646; x_wconf 87' lang='lat' dir='ltr'><strong>Dominica</strong></span> <span class='ocrx_word' id='word_1_109' title='bbox 1248 1596 1466 1646; x_wconf 70' lang='lat' dir='ltr'><strong>Adven-</strong></span> 
     </span>
     <span class='ocr_line' id='line_1_20' title="bbox 79 1669 1465 1745; baseline -0.002 -18"><span class='ocrx_word' id='word_1_110' title='bbox 79 1689 195 1736; x_wconf 91' lang='lat' dir='ltr'><strong>tus,</strong></span> <span class='ocrx_word' id='word_1_111' title='bbox 245 1695 406 1742; x_wconf 83' lang='lat' dir='ltr'><strong>usqve</strong></span> <span class='ocrx_word' id='word_1_112' title='bbox 457 1679 522 1727; x_wconf 87' lang='lat' dir='ltr'><strong>ad</strong></span> <span class='ocrx_word' id='word_1_113' title='bbox 569 1691 810 1728; x_wconf 87' lang='lat' dir='ltr'><strong>octavam</strong></span> <span class='ocrx_word' id='word_1_114' title='bbox 846 1669 1193 1745; x_wconf 72' lang='lat' dir='ltr'><strong>Epiphaniae.</strong></span> <span class='ocrx_word' id='word_1_115' title='bbox 1296 1677 1343 1726; x_wconf 91' lang='lat' dir='ltr'>A</span> <span class='ocrx_word' id='word_1_116' title='bbox 1378 1677 1465 1725; x_wconf 78' lang='lat' dir='ltr'><strong>Se-</strong></span> 
     </span>
     <span class='ocr_line' id='line_1_21' title="bbox 80 1755 1466 1825; baseline -0.001 -19"><span class='ocrx_word' id='word_1_117' title='bbox 80 1761 440 1825; x_wconf 77' lang='lat' dir='ltr'><strong>ptuagesima‚</strong></span> <span class='ocrx_word' id='word_1_118' title='bbox 482 1775 645 1823; x_wconf 86' lang='lat' dir='ltr'><strong>usqve</strong></span> <span class='ocrx_word' id='word_1_119' title='bbox 684 1757 750 1806; x_wconf 81' lang='lat' dir='ltr'><strong>ad</strong></span> <span class='ocrx_word' id='word_1_120' title='bbox 787 1769 1028 1807; x_wconf 85' lang='lat' dir='ltr'><strong>octavam</strong></span> <span class='ocrx_word' id='word_1_121' title='bbox 1065 1756 1347 1806; x_wconf 83' lang='lat' dir='ltr'><strong>PaschatiS.</strong></span> <span class='ocrx_word' id='word_1_122' title='bbox 1418 1755 1466 1805; x_wconf 94' lang='lat' dir='ltr'>A</span> 
     </span>
     <span class='ocr_line' id='line_1_22' title="bbox 81 1838 1466 1905; baseline -0.002 -19"><span class='ocrx_word' id='word_1_123' title='bbox 81 1838 361 1887; x_wconf 86' lang='lat' dir='ltr'><strong>Dominica</strong></span> <span class='ocrx_word' id='word_1_124' title='bbox 412 1841 741 1904; x_wconf 86' lang='lat' dir='ltr'><strong>rogationum</strong></span> <span class='ocrx_word' id='word_1_125' title='bbox 775 1875 790 1898; x_wconf 89' lang='lat'><strong>,</strong></span> <span class='ocrx_word' id='word_1_126' title='bbox 842 1855 1006 1903; x_wconf 86' lang='lat' dir='ltr'><strong>usqve</strong></span> <span class='ocrx_word' id='word_1_127' title='bbox 1059 1840 1123 1887; x_wconf 85' lang='lat' dir='ltr'><strong>ad</strong></span> <span class='ocrx_word' id='word_1_128' title='bbox 1173 1840 1466 1905; x_wconf 84' lang='lat' dir='ltr'><strong>proximam</strong></span> 
     </span>
     <span class='ocr_line' id='line_1_23' title="bbox 80 1917 1464 1986; baseline -0.001 -20"><span class='ocrx_word' id='word_1_129' title='bbox 80 1917 413 1967; x_wconf 87' lang='lat' dir='ltr'><strong>Dominicam</strong></span> <span class='ocrx_word' id='word_1_130' title='bbox 439 1930 556 1986; x_wconf 91' lang='lat' dir='ltr'><strong>post</strong></span> <span class='ocrx_word' id='word_1_131' title='bbox 583 1919 942 1968; x_wconf 88' lang='lat' dir='ltr'><strong>Pentecosten.</strong></span> <span class='ocrx_word' id='word_1_132' title='bbox 1016 1934 1093 1968; x_wconf 82' lang='lat'><strong>22.</strong></span> <span class='ocrx_word' id='word_1_133' title='bbox 1133 1917 1325 1966; x_wconf 87' lang='lat' dir='ltr'><strong>Causas</strong></span> <span class='ocrx_word' id='word_1_134' title='bbox 1355 1933 1464 1964; x_wconf 86' lang='lat' dir='ltr'><strong>ma-</strong></span> 
     </span>
     <span class='ocr_line' id='line_1_24' title="bbox 79 1996 1464 2066; baseline -0.001 -20"><span class='ocrx_word' id='word_1_135' title='bbox 79 1998 440 2058; x_wconf 88' lang='lat' dir='ltr'><strong>trimoniales,</strong></span> <span class='ocrx_word' id='word_1_136' title='bbox 489 2001 796 2066; x_wconf 88' lang='lat' dir='ltr'><strong>praesertim</strong></span> <span class='ocrx_word' id='word_1_137' title='bbox 847 2015 965 2046; x_wconf 91' lang='lat' dir='ltr'><strong>cum</strong></span> <span class='ocrx_word' id='word_1_138' title='bbox 1019 1996 1084 2046; x_wconf 89' lang='lat' dir='ltr'><strong>de</strong></span> <span class='ocrx_word' id='word_1_139' title='bbox 1135 1996 1301 2064; x_wconf 83' lang='lat' dir='ltr'><strong>gradu</strong></span> <span class='ocrx_word' id='word_1_140' title='bbox 1342 2014 1464 2044; x_wconf 86' lang='lat' dir='ltr'><strong>con-</strong></span> 
     </span>
     <span class='ocr_line' id='line_1_25' title="bbox 80 2077 1463 2146; baseline 0 -21"><span class='ocrx_word' id='word_1_141' title='bbox 80 2079 473 2143; x_wconf 84' lang='lat' dir='ltr'><strong>sangvinitatis,</strong></span> <span class='ocrx_word' id='word_1_142' title='bbox 521 2081 844 2144; x_wconf 85' lang='lat' dir='ltr'><strong>cognationis</strong></span> <span class='ocrx_word' id='word_1_143' title='bbox 895 2078 1213 2146; x_wconf 87' lang='lat' dir='ltr'><strong>spiritualis,</strong></span> <span class='ocrx_word' id='word_1_144' title='bbox 1264 2077 1352 2126; x_wconf 88' lang='lat' dir='ltr'><strong>vel</strong></span> <span class='ocrx_word' id='word_1_145' title='bbox 1386 2078 1463 2125; x_wconf 77' lang='lat' dir='ltr'><strong>ie-</strong></span> 
     </span>
     <span class='ocr_line' id='line_1_26' title="bbox 79 2154 1462 2223; baseline 0 -19"><span class='ocrx_word' id='word_1_146' title='bbox 79 2157 209 2223; x_wconf 85' lang='lat' dir='ltr'><strong>galis</strong></span> <span class='ocrx_word' id='word_1_147' title='bbox 248 2160 514 2221; x_wconf 83' lang='lat' dir='ltr'><strong>qvaeritur</strong></span> <span class='ocrx_word' id='word_1_148' title='bbox 539 2154 583 2217; x_wconf 84' lang='lat'><strong>,&#39;</strong></span> <span class='ocrx_word' id='word_1_149' title='bbox 608 2158 866 2208; x_wconf 86' lang='lat' dir='ltr'><strong>Parochus</strong></span> <span class='ocrx_word' id='word_1_150' title='bbox 905 2159 1101 2223; x_wconf 90' lang='lat' dir='ltr'><strong>absqve</strong></span> <span class='ocrx_word' id='word_1_151' title='bbox 1139 2160 1270 2205; x_wconf 91' lang='lat' dir='ltr'><strong>scitu</strong></span> <span class='ocrx_word' id='word_1_152' title='bbox 1308 2157 1462 2205; x_wconf 72' lang='lat' dir='ltr'><strong>Prae-</strong></span> 
     </span>
     <span class='ocr_line' id='line_1_27' title="bbox 80 2236 1460 2306; baseline 0.001 -22"><span class='ocrx_word' id='word_1_153' title='bbox 80 2240 234 2303; x_wconf 89' lang='lat' dir='ltr'><strong>positi</strong></span> <span class='ocrx_word' id='word_1_154' title='bbox 261 2254 325 2286; x_wconf 85' lang='lat' dir='ltr'><strong>ne</strong></span> <span class='ocrx_word' id='word_1_155' title='bbox 359 2236 641 2298; x_wconf 88' lang='lat' dir='ltr'><strong>diiudicet,</strong></span> <span class='ocrx_word' id='word_1_156' title='bbox 680 2239 771 2288; x_wconf 90' lang='lat' dir='ltr'><strong>sub</strong></span> <span class='ocrx_word' id='word_1_157' title='bbox 802 2255 975 2306; x_wconf 86' lang='lat' dir='ltr'><strong>poena</strong></span> <span class='ocrx_word' id='word_1_158' title='bbox 1004 2237 1356 2304; x_wconf 75' lang='lat' dir='ltr'><strong>suspensioiiis</strong></span> <span class='ocrx_word' id='word_1_159' title='bbox 1394 2237 1460 2286; x_wconf 88' lang='lat' dir='ltr'><strong>ab</strong></span> 
     </span>
     <span class='ocr_line' id='line_1_28' title="bbox 84 2316 1463 2384; baseline 0.001 -22"><span class='ocrx_word' id='word_1_160' title='bbox 84 2316 291 2375; x_wconf 82' lang='lat' dir='ltr'><strong>officio,</strong></span> <span class='ocrx_word' id='word_1_161' title='bbox 340 2335 434 2384; x_wconf 88' lang='lat' dir='ltr'><strong>per</strong></span> <span class='ocrx_word' id='word_1_162' title='bbox 477 2318 725 2367; x_wconf 85' lang='lat' dir='ltr'><strong>bimestre</strong></span> <span class='ocrx_word' id='word_1_163' title='bbox 764 2316 1080 2368; x_wconf 86' lang='lat' dir='ltr'><strong>sustinenda.</strong></span> <span class='ocrx_word' id='word_1_164' title='bbox 1172 2331 1248 2377; x_wconf 79' lang='lat'><strong>23.</strong></span> <span class='ocrx_word' id='word_1_165' title='bbox 1289 2318 1463 2365; x_wconf 80' lang='lat' dir='ltr'><strong>Iussus</strong></span> 
     </span>
     <span class='ocr_line' id='line_1_29' title="bbox 85 2395 1462 2466; baseline 0.003 -25"><span class='ocrx_word' id='word_1_166' title='bbox 85 2410 114 2442; x_wconf 87' lang='lat' dir='ltr'><strong>a</strong></span> <span class='ocrx_word' id='word_1_167' title='bbox 154 2395 482 2462; x_wconf 84' lang='lat' dir='ltr'><strong>Praeposito,</strong></span> <span class='ocrx_word' id='word_1_168' title='bbox 522 2401 824 2466; x_wconf 78' lang='lat' dir='ltr'><strong>qvempiani</strong></span> <span class='ocrx_word' id='word_1_169' title='bbox 864 2401 1054 2457; x_wconf 88' lang='lat' dir='ltr'><strong>citare,</strong></span> <span class='ocrx_word' id='word_1_170' title='bbox 1091 2415 1339 2455; x_wconf 82' lang='lat' dir='ltr'><strong>monere,</strong></span> <span class='ocrx_word' id='word_1_171' title='bbox 1374 2396 1462 2445; x_wconf 80' lang='lat' dir='ltr'><strong>vel</strong></span> 
     </span>
     <span class='ocr_line' id='line_1_30' title="bbox 87 2475 1463 2546; baseline 0.004 -26"><span class='ocrx_word' id='word_1_172' title='bbox 87 2480 565 2539; x_wconf 78' lang='lat' dir='ltr'><strong>excommunicare,</strong></span> <span class='ocrx_word' id='word_1_173' title='bbox 603 2479 656 2528; x_wconf 90' lang='lat' dir='ltr'><strong>id</strong></span> <span class='ocrx_word' id='word_1_174' title='bbox 694 2496 789 2546; x_wconf 88' lang='lat' dir='ltr'><strong>per</strong></span> <span class='ocrx_word' id='word_1_175' title='bbox 827 2475 1164 2545; x_wconf 79' lang='lat' dir='ltr'><strong>semetipsum</strong></span> <span class='ocrx_word' id='word_1_176' title='bbox 1187 2515 1202 2536; x_wconf 91' lang='lat'><strong>,</strong></span> <span class='ocrx_word' id='word_1_177' title='bbox 1244 2477 1332 2525; x_wconf 87' lang='lat' dir='ltr'><strong>vel</strong></span> <span class='ocrx_word' id='word_1_178' title='bbox 1365 2475 1463 2525; x_wconf 45' lang='lat' dir='ltr'><strong>Ca„</strong></span> 
     </span>
     <span class='ocr_line' id='line_1_31' title="bbox 84 2554 1411 2627; baseline 0.004 -24"><span class='ocrx_word' id='word_1_179' title='bbox 84 2554 381 2622; x_wconf 86' lang='lat' dir='ltr'><strong>pellanum,</strong></span> <span class='ocrx_word' id='word_1_180' title='bbox 418 2575 521 2608; x_wconf 92' lang='lat' dir='ltr'><strong>non</strong></span> <span class='ocrx_word' id='word_1_181' title='bbox 556 2576 684 2609; x_wconf 87' lang='lat' dir='ltr'><strong>vero</strong></span> <span class='ocrx_word' id='word_1_182' title='bbox 720 2576 815 2627; x_wconf 88' lang='lat' dir='ltr'><strong>per</strong></span> <span class='ocrx_word' id='word_1_183' title='bbox 851 2559 1010 2609; x_wconf 83' lang='lat' dir='ltr'><strong>alium</strong></span> <span class='ocrx_word' id='word_1_184' title='bbox 1051 2568 1359 2623; x_wconf 82' lang='lat' dir='ltr'><strong>exeqvatur.</strong></span> <span class='ocrx_word' id='word_1_185' title='bbox 1409 2590 1411 2592; x_wconf 91' lang='lat'><em>-</em></span> 
     </span>
    </p>
   </div>
   <div class='ocr_carea' id='block_1_4' title="bbox 1132 2714 1391 2786">
    <p class='ocr_par' dir='ltr' id='par_1_4' title="bbox 1132 2714 1391 2786">
     <span class='ocr_line' id='line_1_32' title="bbox 1132 2714 1391 2786; baseline -0.012 -17"><span class='ocrx_word' id='word_1_186' title='bbox 1132 2714 1391 2786; x_wconf 74' lang='lat' dir='ltr'><strong>§.LXX.</strong></span> 
     </span>
    </p>
   </div>
  </div>
 </body>
</html>
