1779 3128
787 190 809 204 ss

683 247 867 263 ''¹‘'-
1364 244 1457 291 137

684 267 867 274 ———

641 351 690 422 §.
762 355 896 403 Lm.

86 507 224 582 Cap.
268 505 393 563 III.
479 507 574 564 De
609 496 880 579 praedia
928 514 990 560 et
1023 504 1196 560 Sacr.
1239 501 1458 560 admin.

217 679 405 729 Tertio
442 681 640 746 capite,
682 677 988 727 inculcatur.
1030 690 1073 726 1.
1123 674 1371 733 Clericis,
1410 686 1465 722 ut

83 759 306 810 sollicite
356 763 558 808 muneri
607 775 696 806 suo
732 756 1052 805 incumbant.
1139 771 1185 803 2.
1235 754 1302 802 Ut
1341 756 1465 800 resi-

84 838 241 887 deant
270 876 284 897 ,
335 839 567 903 alioqvin
617 855 710 904 pro
761 848 871 885 rata
918 836 1170 902 temporis
1211 833 1465 881 Beneficii

86 903 293 967 fruetus⁴
321 920 574 967 amissuri.
663 916 876 965 Parochi
911 932 1039 964 vero
1075 913 1258 963 diebus
1297 912 1465 968 festis,

87 997 435 1046 nundinarum
472 999 639 1063 gratia
694 996 950 1063 populum
987 995 1195 1042 Divinis
1244 1008 1309 1041 ne
1360 994 1466 1058 pri-

85 1089 228 1126 vent.
327 1091 374 1136 3.
427 1076 581 1124 Plura
628 1076 880 1125 beneficia
930 1085 1111 1122 curata
1161 1075 1466 1131 retinentes,

88 1158 200 1232 ipso
250 1155 383 1203 facto
434 1159 630 1204 cunctis
680 1157 870 1222 privati
910 1165 1074 1203 sunt0.
1160 1153 1218 1200 In
1256 1150 1467 1199 defectu

88 1235 265 1284 tamen
304 1234 552 1293 Parochi,
592 1245 764 1301 potest
802 1232 942 1282 idem
979 1250 1092 1281 cum
1129 1232 1342 1280 licentia
1378 1230 1469 1278 Su-

82 1317 394 1381 periorum,
441 1313 565 1361 duas
621 1313 892 1361 Parochias
949 1311 1328 1360 administrare.
1419 1327 1468 1366 4.

86 1393 281 1441 Saltem
318 1393 644 1450 Dominicis,
696 1409 754 1440 ac
792 1392 935 1440 festis
986 1390 1166 1439 diebus
1216 1389 1468 1438 habeatur

82 1471 153 1520 ad
196 1473 450 1539 populum
501 1490 688 1522 serino.
761 1471 1074 1538 Templum,
1112 1473 1375 1527 sacristia,
1415 1481 1468 1517 et

88 1552 263 1600 altaris
316 1554 637 1619 adparatus,
690 1551 884 1600 munda
921 1562 1084 1599 sunto.
1179 1550 1468 1616 Regulares

89 1630 299 1680 dicendi
336 1632 601 1680 licentiam
639 1648 666 1680 a
714 1634 925 1699 proprio
970 1632 1236 1697 superiore
1286 1629 1466 1676 obten-

87 1722 223 1769 tam,
261 1710 537 1760 exhibeant
573 1710 884 1770 Ordinario,
921 1710 1342 1760 benedictionem
1376 1707 1468 1756 ob-

85 1791 295 1840 tenturi.
367 1790 554 1856 Neqve
593 1794 701 1839 sine
732 1790 1079 1847 Parochorum
1110 1790 1322 1838 licentia
1351 1805 1468 1836 exe·

89 1881 316 1935 qvantur
351 1870 505 1930 talia,
557 1888 653 1938 per
691 1887 825 1935 qvae
863 1873 972 1919 iura
1009 1868 1333 1919 Parochialia
1372 1870 1468 1915 mi-

87 1960 388 1999 nuerentur.
473 1964 522 2010 5.
561 1950 885 2000 Eucharistia
921 1967 1128 2016 semper
1164 1959 1368 2017 praesto
1406 1951 1471 1995 sit

90 2045 364 2096 aegrorum
404 2046 592 2089 causa,
630 2047 761 2096 qvae
801 2030 885 2079 die
913 2031 1146 2096 qvolibet
1174 2040 1357 2077 octavo
1389 2045 1468 2075 re-

89 2121 342 2169 novetur,
380 2110 592 2176 publice
629 2114 834 2159 nonnisi
872 2129 990 2160 cum
1025 2111 1254 2167 lumine,
1290 2107 1470 2174 pulsu·

92 2205 193 2253 qve
242 2205 524 2256 campanae
573 2189 874 2240 deferenda.
965 2205 1013 2250 5.
1063 2190 1202 2238 Sacri
1238 2188 1469 2251 liqvores

92 2267 286 2318 mundo
324 2272 424 2318 sint
460 2269 608 2329 loco,
650 2273 930 2335 qvotannis
974 2273 1109 2320 circa
1147 2269 1334 2317 festum
1374 2282 1471 2332 pa·

96 2346 281 2396 schatis
309 2348 640 2416 procurandi.
710 2365 759 2411 7.
797 2349 929 2398 Cum
966 2348 1213 2416 adparatu
1241 2364 1344 2395 non
1381 2345 1472 2394 be-

96 2425 335 2485 nedicto,
373 2441 423 2477 et
459 2432 509 2477 in
547 2428 678 2478 aede
712 2433 955 2497 privata,
991 2432 1103 2477 sine
1131 2427 1350 2476 Prasulis
1382 2441 1472 2472 an-

94 2517 253 2564 nutu,
301 2508 520 2559 Missam
569 2511 837 2560 celebrare
883 2527 986 2558 non
1033 2501 1173 2558 licet}
1257 2514 1303 2561 8.
1354 2499 1483 2552 Duo*

96 2596 297 2633 tantum
340 2603 401 2635 ex
452 2589 765 2656 baptismate
813 2590 1010 2639 levent.
1098 2588 1335 2654 Qvorum
1383 2601 1474 2633 no·

93 2668 235 2713 mina
271 2665 405 2715 libro
441 2670 752 2720 inserantur.
828 2684 875 2732 9.
914 2670 1312 2719 Matrimonium
1345 2677 1476 2714 tem·

1281 2761 1406 2814 pore
