1779 3128
623 203 807 220 ““””’““““
1342 205 1406 251 47

32 330 83 367 et
129 315 368 384 expendo
390 315 599 382 negotia
623 314 696 363 ibi
725 326 1058 381 pertractata,
1090 313 1266 364 demto
1286 295 1407 373 u‘nO,

29 396 94 446 de
134 413 236 461 qvo
274 399 325 443 in
361 396 463 443 fine
493 405 663 444 actum
698 406 804 454 cst,
842 395 1075 462 profanis
1102 395 1247 444 illam
1273 392 1412 443 Con-

29 476 272 526 ventibus
310 491 583 524 accensere
619 473 774 524 malo·

605 619 655 690 §.
725 622 846 709 xvi
881 693 884 697 ι

455 758 612 820 Eius
657 757 979 818 Constitut.

164 923 306 989 Qvia
354 921 716 988 nihilominUS,
768 937 864 987 pro
900 923 1053 987 genio
1091 919 1230 968 illius
1268 931 1409 968 aeta-

28 1003 127 1060 tis,
169 1019 299 1067 qvae
337 1002 572 1050 Pontifici
613 1000 849 1048 Romano
877 1036 892 1059 ,
950 1002 1092 1048 cuius
1130 1002 1410 1048 autoritate

29 1088 317 1130 conventas
354 1082 441 1131 ille
470 1081 758 1130 celebratus
786 1080 987 1138 fuerat,
1018 1081 1070 1127 in
1100 1078 1253 1127 rebus
1283 1096 1410 1142 qvo-

28 1178 129 1226 qve
169 1160 401 1227 profanis
431 1160 602 1225 ampla
630 1171 856 1225 potestas
882 1158 1233 1217 tribuebatur,
1273 1157 1412 1207 Con-

27 1251 215 1288 ventus
254 1238 379 1297 ille,
415 1240 624 1288 Sacrum
670 1243 943 1287 Concilium
994 1241 1250 1286 nominari
1297 1256 1409 1286 me-

27 1322 161 1376 ru-i't,
208 1318 268 1381 u)
323 1320 466 1368 cuius
502 1316 587 1366 hic
628 1318 1020 1366 constitutiones
1070 1320 1409 1382 caeteroqvin

27 1397 288 1466 prolixas,
340 1399 521 1464 paucis
575 1413 848 1463 exponam.
929 1395 1149 1446 Constit.
1199 1398 1238 1446 Ι.
1327 1400 1412 1446 De

27 1490 171 1526 statu
210 1480 388 1543 Regis.
462 1477 564 1542 Qvi
602 1476 671 1526 D.
702 1475 946 1525 Carolum
972 1493 1068 1543 pro
1097 1476 1238 1542 Rege
1264 1476 1410 1524 Hun-

27 1559 203 1623 gariae
245 1573 350 1603 non
389 1559 688 1622 agnoverit,
742 1566 829 1604 aut
866 1556 1026 1604 alium
1063 1554 1130 1604 ad
1162 1555 1295 1604 hanc
1331 1554 1410 1603 di-

27 1639 282 1702 gnitatem
330 1637 665 1684 advocaverit
689 1671 705 1695 ,
759 1646 846 1683 aut
882 1638 1268 1693 nominaverit,
1306 1638 1412 1683 sin-

25 1715 176 1782 gulus
216 1714 466 1780 qvidem,
505 1717 1086 1773 excommunicationis,
1124 1718 1411 1765 communi-

26 1804 103 1842 tas
140 1811 298 1853 vero,
333 1793 597 1843 interdicti
631 1811 852 1861 poenam
889 1798 1117 1844 incurrat
1164 1797 1277 1861 ipso
1331 1795 1412 1844 fa-

24 1886 139 1935 ct0,
179 1892 294 1923 cum
334 1875 626 1923 exclusione
675 1875 736 1924 ab
772 1875 1137 1924 Ecclesiastica
1174 1875 1410 1942 sepultu-

25 1970 100 2004 ra.
170 1954 443 2004 Publicata
495 1967 571 2004 est
620 1954 750 2004 haec
803 1957 1098 2004 constitutio
1134 1954 1317 2004 Budae
1355 1972 1411 2003 o-

27 2046 182 2082 ctavo
230 2033 343 2083 idus
394 2036 541 2084 Maii.
616 2034 834 2085 Constit.
871 2036 937 2084 II.
976 2038 1061 2084 De
1095 2040 1414 2084 immunitate

3 2104 204 2179 *Regia
275 2113 325 2160 Si
364 2117 479 2178 qvis
517 2118 570 2162 in
606 2114 851 2162 Carolum
885 2114 1083 2180 Regem
1113 2132 1297 2163 manus
1334 2118 1412 2163 in-

0 2193 538 2254 ,iecerit‚violentas,
593 2193 681 2242 vel
732 2195 1017 2260 qvodpiam
1053 2211 1310 2261 personae
1349 2195 1446 2243 il-.

24 2270 124 2321 lius
160 2284 534 2321 nocumentum
579 2275 968 2339 procuraverit:
1020 2274 1257 2323 omnibus
1296 2275 1409 2324 feu-

24 2349 134 2410 dis,
171 2355 383 2417 gratiis,
432 2352 756 2419 privilegiis,
806 2350 1177 2419 indulgentiis,
1234 2366 1284 2402 et
1320 2353 1412 2403 be-

29 2431 229 2480 neficiis
267 2432 657 2499 spiritualibus,
712 2443 870 2497 atqve
905 2433 1278 2500 temporalibus
1314 2451 1413 2500 per

1246 2514 1342 2563 Ec·

88 2654 139 2709 u)
170 2656 419 2707 Expressio
460 2656 575 2701 haec
603 2647 781 2719 iegitur
823 2668 996 2707 statuto
1037 2661 1187 2716 primo
1213 2689 1229 2712 ,
1277 2658 1413 2704 isthic

142 2735 263 2764 nunc
295 2722 458 2768 allato.
846 2748 849 2750 -
