1779 3128
275 223 337 270 70
868 217 1050 238 ‘’⁸¹¹¹“

269 335 334 380 cti
373 331 604 389 fuerint,
656 332 767 398 ips-o
794 330 942 388 ,facto
970 331 1090 380 'eius
1133 331 1374 382 beneficii
1425 335 1638 400 incapa-

269 427 352 459 ces
392 422 558 458 sunto.
644 411 717 460 16.
767 411 1014 471 Parochi,
1063 412 1151 460 vel
1199 411 1476 471 Canonici,
1531 416 1640 461 sine

268 493 485 556 praevia
522 492 901 556 resignatione,
943 490 1236 539 deserentes
1273 496 1499 557 priorem
1541 504 1641 540 sta-

268 572 461 617 tionem
490 606 504 628 ,
554 567 619 617 ad
656 557 858 618 noviter
907 572 1168 619 obtentam
1216 571 1469 619 inhabiles
1521 573 1636 636 ipso

270 648 405 696 sacto
444 661 609 698 erunt.
688 663 760 709 17.
801 650 996 697 Placuit
1034 648 1275 714 Synoclo,
1327 653 1376 704 in
1415 650 1515 697 fine
1552 649 1640 697 ha·

267 745 383 775 rum
419 731 873 788 constitutionum,
925 727 1117 777 addere
1160 717 1382 775 Formam
1431 732 1641 776 intesti-

268 818 443 866 turae,
479 819 633 872 atqve
671 810 946 856 iuramenti
974 807 1307 857 ParochialiS.
1345 808 1406 869 b)
1476 807 1666 861 Tam-7
1720 828 1727 837 ¹

269 889 363 955 etsi
399 898 571 934 autem
607 889 758 934 tertia
795 884 878 934 die
915 886 1208 936 celebratae
1241 886 1469 950 Synodi,
1519 904 1639 953 per·

268 965 412 1013 lectis
461 968 785 1031 superiorum
837 964 1036 1029 dierum
1095 964 1320 1012 decretis
1352 1002 1366 1024 ,
1432 968 1640 1014 nemine

269 1043 630 1092 dissentiente:
670 1047 841 1091 visum
872 1055 1005 1092 esset
1044 1060 1138 1102 ea,
1177 1049 1248 1092 ad
1278 1049 1512 1093 nmiorem
1537 1048 1635 1106 fir-

267 1128 531 1184 mitatem,
554 1126 885 1188 futuramqve
915 1129 1232 1184 memoriam,
1283 1129 1496 1172 Patr-um
1536 1130 1640 1171 clu·-

266 1207 532 1268 rograplu's
568 1205 833 1263 roborari,
885 1202 939 1264 c)
979 1201 1299 1250 doctissimus
1337 1214 1507 1250 tamen
1547 1203 1647 1250 Pe'-

269 1282 504 1341 terffius,
544 1283 630 1345 qvi
666 1280 795 1328 haec
837 1283 996 1330 edidit
1034 1298 1060 1329 e
1098 1281 1277 1329 codice
1319 1299 1475 1330 manu
1518 1300 1637 1330 exa-

269 1371 411 1420 rato,
448 1362 659 1407 nomina
695 1360 765 1407 ibi
803 1358 1061 1416 defuisse,
1103 1365 1320 1409 notavit.
1392 1361 1460 1409 Ut
1500 1360 1633 1408 adeo

269 1438 546 1499 nonnullos
575 1449 826 1497 tantum,
875 1442 962 1503 qvi
1012 1442 1343 1487 nominantur
1393 1442 1527 1488 inter
1566 1440 1639 1487 A·

268 1530 384 1577 cta,
436 1517 652 1565 diversis
718 1518 1116 1574 occasionibus,
1174 1518 1410 1584 proferre
1462 1520 1639 1568 sciam.

265 1597 391 1645 Sunt
423 1614 549 1644 vero
587 1596 668 1644 hi:
706 1596 884 1644 Petrus
924 1597 1186 1661 Pazniany
1233 1597 1294 1645 A.
1344 1597 1636 1663 Episcopus

265 1676 650 1742 Strigoniensis.
712 1676 968 1723 loannes
1022 1674 1267 1741 Telegd'y
1321 1674 1635 1735 Colocensis,

263 1756 419 1803 simul
439 1751 840 1804 Administrator
863 1755 1151 1803 Nitriensis.
1206 1754 1459 1819 Georgius
1480 1753 1638 1801 Dras-

267 1833 461 1882 liovich
507 1834 793 1900 Episcopus
832 1833 1110 1882 VaciensiS.
1198 1833 1460 1880 Emerieus
1499 1833 1640 1898 Losy

265 1913 653 1961 VaradinensiS.
727 1910 1008 1977 Gregorius
1046 1911 1362 1977 Nagyfalvai
1397 1912 1640 1959 Sirmien-

265 1996 350 2041 sis.
421 1993 635 2040 Ioannes
675 1992 895 2058 [vanczy
931 1990 1305 2040 Tinniniensis.
1378 1989 1638 2055 Georgius

1422 2069 1569 2116 Him-

319 2179 373 2234 b)
406 2178 648 2233 Analytlca
679 2183 897 2232 expositio
933 2186 1137 2218 tenorum
1159 2176 1465 2216 Investiturae
1496 2175 1636 2214 Paro-

376 2250 560 2297 chialis,
592 2248 716 2289 edita
747 2255 815 2287 est
845 2246 964 2301 typis
987 2246 1171 2288 Tirnav.
1205 2256 1321 2285 anno
1349 2249 1465 2295 1803.
1499 2249 1634 2293 atqve

374 2330 475 2357 cum
510 2316 719 2369 pluribus
746 2314 976 2369 opusculis
997 2343 1010 2362 ,
1040 2312 1185 2354 rurali
1211 2310 1346 2352 Clero
1379 2322 1511 2361 qvam
1545 2308 1634 2348 uti-

372 2384 554 2426 lissimis
574 2412 588 2432 ,
620 2383 863 2426 distributa
885 2396 966 2436 per
988 2381 1230 2424 Dioeceses
1253 2376 1494 2418 Ecclesiae
1516 2375 1639 2416 Hun-

375 2452 561 2508 garicae
582 2479 595 2499 ‚
626 2450 812 2492 volente
835 2447 1232 2490 Excellentissimo
1262 2445 1460 2486 Domino
1493 2443 1631 2486 Fran-

375 2521 494 2561 cisco
524 2520 636 2561 XaV.
667 2517 807 2560 Fuchs
828 2546 843 2566 ,
872 2527 981 2558 tunc
1004 2515 1225 2568 Episcopo
1257 2513 1508 2560 Nitriense,
1545 2511 1636 2550 iam

374 2599 485 2628 vero
528 2585 880 2640 Archiepiscopo
920 2584 1138 2640 Agriense
1167 2610 1181 2630 ‚
1237 2581 1360 2623 cuius
1411 2578 1631 2632 impensis

371 2655 645 2698 liberalibus
667 2682 681 2701 ,
712 2653 930 2706 impressa
961 2650 1157 2694 fuerunt.
1228 2647 1273 2704 c)
1306 2651 1386 2704 Ap.
1419 2643 1646 2700 Peterffy‘

354 2725 424 2769 ''1’.
456 2727 514 2769 ΙΙ.
546 2737 649 2780 pag.
679 2733 774 2775 331.
