1779 3128
343 231 436 289 164
930 232 1117 252 ·“““““

340 359 440 410 τίς,
494 352 706 400 Statuta
755 349 1064 422 Synodalia,
1112 353 1198 413 pia
1231 352 1455 409 monita,
1495 358 1545 396 et
1581 348 1714 396 alias

339 437 716 481 exhortationes
736 418 1033 494 salutiferas
1056 433 1233 478 ibidem
1255 431 1599 493 proponendas
1627 446 1715 474 aa·

337 515 502 559 ditari
526 546 542 570 ,
591 521 641 557 et
688 514 911 558 studiose
941 513 1228 568 attentari,
1281 520 1331 556 et
1365 511 1562 555 tandem
1596 503 1712 555 'Do-

337 594 471 638 mino
505 600 838 651 cooperante,
876 600 924 637 et
957 606 1226 636 sermonem
1264 589 1620 649 confirmante,
1663 603 1714 631 o-

334 687 453 732 pere
503 668 839 730 effi’ctualiter
884 670 1205 730 adimpleturi
1229 686 1251 727 ,·
1298 669 1358 714 de
1393 669 1558 714 titulis
1598 684 1715 712 vero

338 749 704 811 Beneficiorum
754 757 1066 804 vestrorum,
1118 746 1178 793 a'c
1214 748 1408 804 literis,
1462 763 1522 792 ac
1555 749 1715 793 muni·-

338 829 520 874 mentis
553 828 767 884 vestris,
822 827 962 873 nobis
995 829 1180 872 curetis
1214 827 1395 887 facere
1426 827 1620 886 plenam
1641 825 1716 887 fi-

341 909 467 952 dem.
554 905 615 952 Si
653 908 735 966 qm·
769 923 882 951 vero
935 914 1152 951 vestrum
1199 905 1403 966 aliquod
1447 907 1717 950 avisamen-

342 995 457 1047 tum.
482 1000 629 1046 super
662 985 1019 1045 reformatione
1047 983 1256 1041 Status,
1294 1000 1380 1029 seu
1412 985 1719 1029 iurisdictio-

343 1081 403 1111 ne
438 1065 697 1111 Ecclesiae
749 1050 1106 1126 strigoniensis
1143 1098 1161 1121 ,
1214 1073 1304 1110 aut
1352 1053 1717 1120 Ecclesiarum,

339 1153 394 1188 et
425 1157 751 1202 personarum
788 1151 1095 1201 vestrarum,
1136 1144 1215 1190 vel
1247 1144 1457 1189 aliorum
1493 1160 1719 1205 quorum·¹

344 1236 530 1282 cunque
577 1221 648 1265 ad
693 1236 781 1267 vos
827 1223 1182 1282 pertinentium
1217 1258 1233 1279 ,
1290 1224 1410 1268 dare
1462 1224 1715 1281 voluerit,-

341 1304 469 1346 haec
510 1301 559 1346 in
596 1301 705 1358 ipsa
739 1298 943 1363 Synodo
981 1302 1121 1348 nobis
1173 1302 1322 1348 libere
1369 1304 1557 1362 poterit
1597 1303 1718 1346 insi-

344 1393 514 1425 nuare.
584 1379 883 1425 Praesentes
909 1382 1057 1426 etiam
1096 1382 1165 1427 ad
1189 1382 1472 1442 proximum
1505 1382 1717 1426 vicinum

342 1467 562 1503 vestrum
595 1460 941 1504 transmittere
989 1459 1080 1505 sub
1113 1461 1402 1520 praemissis
1428 1461 1600 1519 poenis
1635 1459 1718 1503 de-

341 1538 535 1594 beatis,
573 1553 693 1598 qvas
717 1539 917 1583 tandem
957 1540 1131 1584 ultimo
1161 1539 1332 1597 nobis,
1378 1547 1468 1584 aut
1510 1538 1718 1583 Vicat-io

341 1625 515 1662 nostro
536 1618 586 1662 in
621 1619 798 1677 specie,
822 1627 1098 1677 reportare,
1127 1627 1372 1664 teneatur.
1434 1616 1565 1664 Dat.
1589 1615 1719 1662 Scri·
1777 1648 1779 1677 ἶ

260 1705 266 1711 ’
339 1697 484 1758 gonii
508 1697 556 1740 in
583 1696 779 1755 palatio
812 1705 983 1742 nostro
1011 1698 1467 1758 Arclziepiscopali,
1505 1696 1718 1742 secundo

341 1776 421 1819 die
456 1775 719 1831 Ianuarii,
758 1792 886 1820 anno
917 1776 1157 1834 Domini,
1194 1778 1451 1822 millesimo
1487 1775 1716 1836 quadrin-

340 1857 614 1917 gentesimo
645 1858 1056 1918 quinquagesimo.
1084 1855 1152 1920 y)
1195 1855 1305 1902 Hae
1327 1851 1543 1901 missiles
1574 1850 1717 1898 lucro

323 1934 460 1978 ‘sunt
496 1930 680 1990 nobis,
719 1932 859 1995 qvod
895 1950 988 1981 nos
1028 1933 1266 1990 doceant,
1304 1935 1454 1979 in-ea
1489 1929 1718 1995 Synodo,

345 2007 412 2056 de
449 2026 649 2058 morum
686 2013 1008 2061 restitutione
1044 2024 1317 2061 tractatum
1351 2012 1525 2060 fuisse.

527 2210 532 2215 ‚
851 2140 904 2211 §.
975 2144 1211 2196 vam.

562 2227 711 2342 Syn.
758 2265 996 2339 Scepch.
1041 2284 1140 2322 an.
1184 2262 1502 2322 MCDLX.

469 2411 703 2479 ‘Ioannes
741 2411 924 2471 Stock,
962 2411 1026 2461 de
1065 2413 1204 2460 cuius
1242 2427 1376 2458 nunc
1409 2409 1619 2476 Synodo
1646 2410 1720 2458 lo-

355 2505 518 2552 qvar,
572 2493 778 2537 natione
827 2492 1064 2550 Silesius,
1114 2493 1280 2555 patria
1336 2489 1722 2556 Glogoviensis,

353 2578 557 2615 tantum
611 2569 817 2617 valebat
881 2570 1018 2636 apud
1076 2567 1457 2634 Sigismundum
1521 2568 1721 2633 Regem

1509 2648 1653 2695 Hun—

409 2750 463 2807 γ)
495 2752 579 2805 Ap.
611 2750 834 2793 Schmitth
866 2753 911 2794 in
931 2757 1043 2809 Epp.
1064 2756 1171 2811 Agr.
1203 2754 1257 2795 T.
1289 2755 1345 2799 11.
1377 2766 1567 2810 pag.37.
1594 2763 1718 2808 seqq.
