1779 3128
710 195 894 226 ....···——···...
1392 198 1488 248 297

99 316 286 366 nonico
312 311 681 380 Zagrabiensi‚
722 311 806 359 die
844 327 888 374 9.
912 307 1124 368 Martii,
1165 322 1300 357 anno
1339 319 1482 367 1703.

101 387 210 430 eius
248 381 506 428 Ecclesiae
549 381 755 428 Praesul
797 381 1107 426 nominatus.
1140 377 1209 443 y)
1289 374 1490 422 Decre-

99 473 266 510 torum
325 464 375 508 in
432 460 521 507 illa
575 459 784 524 Synodo
840 456 1214 517 conditorum,
1267 454 1351 504 hic
1410 464 1488 502 est

96 552 433 607 conspectus:
490 556 529 589 1.
580 540 764 587 Nullus
819 539 1064 604 fungatur
1111 536 1288 584 officio
1330 535 1489 583 Paro-

97 622 294 674 chiam
335 638 505 684 neqve
544 619 830 686 Neomysta
884 618 1236 667 confessiones
1288 616 1485 674 audiat,

100 704 209 749 sine
263 700 517 748 praesulis
566 699 786 749 indultu.
873 715 918 748 2.
968 697 1135 746 Nemo
1171 699 1222 744 in
1258 696 1489 743 alienam

102 780 413 830 Parochiam
470 797 522 827 se
574 783 810 846 ingerat,
869 789 955 826 aut
999 781 1052 825 in
1103 793 1164 824 ea
1217 779 1491 842 qvippiam

101 861 264 909 officii
320 859 594 908 Pastoralis
648 870 902 908 exerceat.
988 872 1036 918 3.
1085 857 1226 906 Ins'ra
1278 856 1404 904 duas
1458 871 1489 902 a

99 939 346 989 Paschate
383 938 766 998 hebdomadas,
808 939 983 987 oleum
1013 949 1272 987 sacratum
1303 952 1488 988 omnes

100 1023 377 1086 accipiant.
462 1019 685 1067 Vascula
722 1036 815 1086 pro
851 1019 960 1077 his,
1015 1019 1286 1085 obsignata
1324 1018 1366 1064 si
1405 1014 1489 1062 fu-

102 1103 262 1158 erint,
307 1117 400 1167 per
447 1100 639 1147 laicum
691 1102 847 1148 etlam
895 1098 1087 1147 deferri
1135 1107 1366 1166 possunt.
1439 1109 1490 1150 4.

100 1180 486 1228 Sacramentum
507 1182 863 1247 poenitentiae
887 1196 1076 1246 magna
1113 1196 1230 1226 cum
1267 1179 1492 1226 circum·

91 1261 367 1324 ‚spectione
432 1259 921 1307 administrandum.
1013 1258 1258 1307 Publicae
1306 1257 1491 1323 poeni-

98 1340 296 1387 tentiae
327 1376 342 1397 ‚
381 1339 546 1387 solum
583 1357 675 1406 pro
713 1340 936 1406 publicis
977 1338 1175 1387 delictis
1212 1340 1492 1403 imponen-

102 1417 220 1468 dae.
311 1418 570 1467 Numerus
617 1431 955 1486 peccatorum
1004 1420 1241 1486 gravium
1291 1418 1492 1464 exami-

99 1497 321 1549 nandus.
396 1499 674 1548 Reservati
716 1516 858 1548 casus
890 1497 1120 1557 sciendi,
1158 1509 1312 1565 puta3
1352 1497 1490 1544 Hae-

103 1581 230 1635 resis
262 1590 502 1627 externa:
542 1580 740 1648 Raptus
782 1582 1024 1645 virginis:
1067 1580 1320 1627 Incestus:
1368 1577 1492 1625 Pro·

106 1661 301 1707 curatio
339 1659 584 1708 abortus:
633 1660 861 1709 Violatio
909 1658 1204 1707 Ecclesiae:
1255 1658 1494 1706 Homici-

103 1737 246 1786 dium
271 1739 651 1788 voluntarium:
689 1738 1020 1789 Incendium:
1060 1739 1338 1787 Parentum
1372 1755 1490 1805 per-

104 1820 302 1867 cussio:
349 1819 481 1867 falsa
533 1819 785 1889 pondera.
874 1835 922 1879 5.
964 1817 1180 1867 Parochi
1219 1833 1491 1866 numerum

105 1902 403 1949 animarum
435 1936 449 1959 ‚
515 1898 848 1967 suscipiendo
898 1899 1254 1948 poenitentiae
1310 1898 1492 1946 Sacra-

101 1991 281 2029 mento
334 1991 576 2046 aptarum
630 1979 857 2028 habeant
906 1990 1254 2047 perspectum.
1347 1979 1489 2043 Qvas

104 2059 171 2108 ad
208 2059 539 2123 freqventem
588 2060 969 2108 consessionem
1016 2058 1306 2108 hortentur.
1357 2058 1489 2120 >Pro

105 2138 341 2188 Paschali
377 2157 504 2187 vero
544 2151 750 2206 cogant.
825 2140 870 2189 6.
910 2139 1208 2189 Celebratio
1242 2142 1293 2187 in
1324 2137 1490 2187 domi-

105 2220 196 2271 bus
233 2222 450 2287 privatis
499 2223 683 2268 vetita.
775 2219 1039 2286 Cogantur
1075 2218 1142 2268 ad
1181 2219 1492 2268 exstruenda

111 2300 350 2349 Oratoria
388 2303 802 2348 communitates.
886 2299 1124 2360 Abusus,
1162 2317 1260 2366 per
1294 2301 1491 2348 Missae

110 2379 512 2446 celebrationem
569 2378 918 2428 benedicendi
976 2378 1202 2437 domos,
1260 2380 1492 2429 tollatur.

107 2474 155 2521 7.
196 2460 593 2509 Matrimonium
631 2458 1088 2527 praecedant-tres
1131 2458 1495 2508 denunciatio·

1310 2556 1422 2602 nes,

169 2729 223 2785 y)
251 2728 375 2785 Pray
404 2728 451 2769 in
482 2729 667 2784 specim.
696 2730 821 2772 Hier.
843 2728 993 2787 Hung.
1017 2736 1144 2784 parte
1173 2728 1229 2774 II.
1253 2739 1358 2784 pag·
1390 2735 1487 2781 437.
