1779 3128
323 179 415 235 258
655 160 661 170 “
907 178 1089 198 ·····-··

317 297 635 362 privatarum
673 289 1019 342 Ecclesiarum
1068 294 1119 343 in
1157 294 1315 343 certis
1345 309 1517 343 earum
1555 294 1688 344 sole·

317 374 646 431 mnitatibus,
695 372 780 422 vel
833 373 1279 434 dedicationibus,
1332 375 1504 440 qvoad
1540 375 1686 423 obla·

316 459 482 503 tiones
522 454 824 514 observata,
877 465 925 501 et
963 471 1056 519 per
1092 454 1390 520 Superiores
1425 454 1686 521 approba-

311 546 362 582 ta
414 531 804 583 consvetudine.
889 532 1034 581 Idem
1082 536 1133 581 in
1186 535 1455 600 sepulturis
1509 535 1689 582 obser-

313 612 559 661 vandum.
645 628 690 675 9.
747 613 937 660 Omnes
985 613 1289 661 Beneficiati
1342 617 1475 662 intra
1511 616 1686 680 proxi-

314 710 457 740 mum
497 704 764 751 semestre,
803 682 1095 758 catalogum
1125 709 1335 751 eorum,
1374 709 1504 758 qvae
1536 710 1563 741 a
1590 694 1691 743 Be-

313 772 501 820 neficio
550 789 637 819 suo
675 772 897 820 alienata
952 783 1113 831 sunt,
1165 775 1264 820 suis
1311 771 1689 820 Archi·Diaco-

312 856 424 907 niS,
463 862 546 899 aut
586 849 860 898 Ordinatio
900 850 1138 900 exhibere
1177 868 1281 899 non
1325 854 1689 910 intermittant,

317 942 501 980 cuncta
569 930 877 995 exponendo
929 931 1096 979 factae
1150 931 1548 980 abalienationis
1598 928 1691 977 ad-

311 1013 499 1058 iuncta.
601 1011 682 1057 De
748 1013 1150 1077 recuperationis
1197 1021 1381 1070 ‘autem
1440 1008 1686 1058 methodo

309 1089 419 1136 BR.
465 1088 767 1136 Ordinarius
801 1089 883 1147 id,
925 1087 1065 1153 qvod
1101 1092 1401 1155 oportunius
1440 1088 1551 1137 fore
1589 1089 1686 1136 du-

307 1171 472 1225 xerit,
511 1172 822 1218 constituere
860 1167 1000 1216 haud
1027 1169 1181 1216 dubie
1216 1185 1319 1215 non
1356 1170 1685 1217 intermittet.

316 1263 390 1296 ιο.
431 1247 559 1295 Cum
598 1265 724 1296 vero
778 1251 911 1297 inter
947 1246 1258 1295 adminicula
1296 1248 1582 1312 reeipiendi
1619 1250 1686 1295 si-

310 1327 488 1385 milia,
537 1329 884 1392 procuratoris
934 1343 1090 1392 opera
1143 1337 1458 1376 numeretur.
1530 1326 1689 1391 Qvali

306 1408 463 1453 etiam
516 1406 701 1454 Clerici
749 1407 800 1452 in
865 1405 1053 1464 rebus,
1119 1405 1205 1452 vel
1251 1407 1484 1471 personis
1533 1404 1686 1464 laesi,

303 1500 671 1549 nonnunqvam
723 1483 972 1550 indigent,
1055 1485 1247 1532 Icciroo
1299 1483 1414 1531 RR.
1461 1482 1683 1531 Ordina-

303 1566 406 1611 rius
445 1565 762 1622 curabit,⁴ut
799 1567 968 1630 prima
1005 1567 1274 1612 occasione
1301 1599 1315 1621 ,
1353 1564 1522 1612 idonei
1560 1580 1682 1629 pro·
1753 1610 1756 1619 ,

305 1654 599 1700 curatores,
648 1646 908 1692 communi
960 1647 1116 1691 totius
1155 1643 1418 1696 Dioecesis
1455 1646 1684 1703 nomine,

302 1739 418 1770 cum
468 1721 671 1770 decenti
735 1722 920 1770 salario
974 1722 1348 1772 conducantur.
1436 1722 1492 1770 In
1544 1723 1682 1787 qvod

301 1801 488 1866 singuli
519 1801 786 1849 Dioecesis
827 1801 976 1849 huius
1008 1800 1227 1849 Parochi
1251 1838 1266 1859 ,
1306 1803 1684 1868 qvinqvaginta

302 1878 540 1927 denarios
590 1897 788 1928 annuos
818 1909 838 1939 -,
894 1897 1007 1929 sese
1056 1881 1332 1929 collaturos
1361 1916 1376 1939 ,
1428 1884 1680 1946 promise-

299 1971 445 2017 runt,
481 1977 574 2025 per
610 1959 1053 2019 Archidiaconos,
1097 1975 1198 2007 una
1232 1976 1350 2007 cum
1390 1958 1678 2007 cathedra-

301 2043 402 2088 tico
442 2056 529 2086 suo
567 2037 877 2104 exigendos,
917 2039 1321 2103 Perceptoriqve
1352 2055 1445 2104 pro
1476 2049 1681 2104 tempo-

300 2136 354 2166 re
407 2121 721 2176 constituto,
782 2115 1176 2183 consignandos.
1275 2131 1344 2163 ιι.
1387 2115 1469 2164 Ad
1507 2121 1680 2181 qveri-

299 2200 529 2246 moniam
558 2196 923 2254 parochorum,
961 2197 1092 2259 qvod
1122 2195 1366 2260 Religiosi
1397 2195 1489 2244 ΡΙ).
1521 2195 1680 2243 Fran-

302 2279 523 2332 ciscani,
576 2275 639 2323 de
680 2276 1021 2323 Observantia
1058 2274 1211 2330 dicti,
1263 2285 1425 2322 semet
1476 2277 1524 2321 in
1569 2293 1681 2323 mu·

301 2359 385 2403 nia
426 2355 749 2403 parochialia
786 2371 1059 2420 perperam
1100 2357 1369 2418 ingerant,
1424 2353 1537 2401 RB.
1574 2354 1679 2418 *Or-

303 2433 530 2480 dinarius
603 2451 783 2480 eorum
858 2434 1154 2498 Superiores
1227 2433 1673 2483 cmnmonefaciet.

302 2511 570 2561 Eiusmodi
609 2524 777 2561 autern
818 2514 1016 2560 ausibus
1053 2509 1190 2558 haud
1228 2512 1568 2568 cessantibus,
1614 2529 1678 2560 ex

1458 2607 1608 2657 prae-
