1779 3128
283 151 370 219 '126
863 178 1049 195 ···“-“··

279 290 520 341 Pontiflci
568 289 895 356 depromtas,
950 290 1135 339 eodem
1186 306 1319 340 anno
1367 290 1654 354 Cardinalis'

251 370 485 434 ‘qvoqve
528 367 635 417 Tit.
686 369 735 417 S.
794 369 998 436 Cyriaci
1044 374 1095 419 in
1142 371 1387 431 thermis,
1445 385 1648 422 creatus

278 450 490 498 fuerat:
560 465 679 496 mox
729 464 865 496 anno
913 461 1163 513 seqvente
1215 451 1650 518 Archiepiscopiis

277 529 638 593 Strig011iensis
690 528 1067 577 nominabatur.
1157 529 1271 594 Qva
1308 533 1359 578 in
1391 531 1648 596 dignitate

275 610 501 673 positus,
554 607 805 656 consuluit
841 618 945 654 tam
986 624 1142 666 suae,
1194 625 1350 671 qvam
1390 625 1649 657 successo·
1716 669 1724 673 .

274 703 388 733 rum
441 685 707 753 dignitati,
760 685 882 734 dum
937 703 964 734 a
1010 686 1226 735 Nicolao
1282 687 1342 736 V.
1395 679 1648 736 'Pontifice-

275 776 617 829 conseqvutus
669 777 743 814 est
796 782 932 814 anno
990 780 1129 825 1452.
1176 770 1421 814 Primatis
1452 803 1466 825 ,
1519 767 1646 813 alio-

273 861 490 909 rumqve
545 844 799 893 honorum
862 845 1326 909 confirmationem.
1386 847 1446 908 t)
1545 844 1648 893 Sed

272 925 374 970 iam
424 936 616 983 antea,
673 923 921 972 videlicet
978 939 1111 971 anno
1181 936 1322 981 1449.
1377 922 1646 989 Synodum

273 1001 655 1050 Provincialem
690 1001 929 1067 strigonii
963 1002 1203 1068 collegit,
1242 1005 1294 1049 in
1335 1018 1433 1066 qva
1466 1001 1529 1050 de
1569 1020 1648 1050 re-

270 1079 506 1146 paranda
544 1079 737 1130 ibidem
773 1081 996 1129 Basilica
1031 1082 1464 1148 Metropolitana,
1490 1097 1643 1147 prae-

271 1162 452 1224 primis
492 1171 566 1207 est
598 1172 798 1218 actum,
839 1176 973 1225 qvae
1013 1163 1199 1209 amisso
1235 1162 1451 1226 pristino
1489 1159 1646 1208 deco-

271 1255 356 1296 re,
394 1241 497 1286 iam
537 1242 706 1287 ruinas
743 1256 907 1306 prope
933 1232 1259 1299 minabatur3
1300 1254 1521 1303 cumqve
1548 1241 1644 1288 Ar-

273 1315 588 1383 chiepiscopi
628 1321 885 1366 aerarium
923 1319 1217 1376 fatisceret,
1255 1319 1555 1384 Episcopos,
1595 1330 1647 1367 et

270 1395 398 1443 alios
437 1395 500 1444 de
553 1396 703 1444 Clero
755 1397 1054 1445 Provinciae
1105 1398 1499 1463 Strigoniensis,
1551 1400 1642 1461 qvi

274 1475 458 1540 opibus
495 1476 772 1534 valebant,
810 1480 859 1524 in
913 1475 1197 1524 subsidium
1240 1480 1466 1525 vocavit.
1553 1476 1641 1526 Ni·

270 1553 445 1601 colaus
484 1553 544 1602 V.
587 1554 858 1613 Pontifex,
910 1556 1173 1604 intellecta
1212 1555 1479 1603 voluntate
1511 1555 1636 1603 Dio-

267 1634 436 1697 nysii,
473 1649 652 1680 severo
684 1645 964 1699 praecepto
996 1635 1245 1701 compulit
1273 1633 1496 1682 eundem
1524 1634 1640 1682 Cle-

270 1727 414 1769 rum,
470 1723 523 1759 ut
572 1711 670 1760 duo
720 1712 883 1759 millia
920 1714 1259 1772 ducatorum,
1307 1714 1639 1776 decimasqve

269 1794 499 1837 omnium
537 1790 793 1839 fructuum
832 1791 1309 1840 Ecclesiasticorum
1335 1827 1349 1849 ,
1400 1791 1532 1839 hunc
1585 1793 1635 1838 in

268 1869 424 1916 finem
465 1869 740 1919 conferret.
777 1871 836 1934 u)
911 1871 958 1920 Si
998 1870 1123 1936 qvid
1147 1882 1415 1937 praeterea
1453 1872 1504 1917 in
1542 1869 1637 1918 hac

1465 1948 1560 2016 Sy-

323 2068 374 2124 t)
406 2068 528 2126 Lege
558 2067 736 2110 Bullam
769 2081 842 2122 ap.
872 2069 1095 2110 Schmitth
1136 2069 1180 2109 in
1213 2069 1325 2122 Epp.
1356 2070 1462 2126 Agr,
1492 2070 1544 2113 T.
1576 2073 1634 2116 Π.

372 2151 478 2193 pag.
510 2149 577 2188 40.
610 2137 688 2177 sed
718 2135 964 2188 perfectius
997 2139 1164 2178 editam
1199 2150 1266 2192 ap.
1299 2137 1422 2190 Pray
1452 2138 1497 2177 in
1528 2131 1629 2189 spe‘-

374 2206 477 2247 cim.
518 2205 641 2248 Hier.
684 2205 831 2261 Hung.
873 2215 1002 2258 parte
1043 2209 1076 2251 I,
1119 2219 1220 2259 pag.
1256 2207 1323 2252 86,
1383 2204 1432 2259 u)
1465 2204 1629 2260 Legito

368 2270 610 2314 Pontificis
655 2273 796 2313 Breve
839 2282 1024 2315 eatenus
1068 2274 1123 2313 ad
1169 2273 1362 2312 Petrum
1407 2271 1486 2323 Ep.
1527 2273 1632 2314 vac.

369 2337 571 2392 itemqve
603 2340 659 2380 ad
683 2332 881 2383 Abbates
905 2341 1015 2380 Ord.
1048 2339 1085 2382 S.
1113 2340 1220 2380 Ben.
1259 2340 1313 2379 de
1340 2335 1632 2387 Pechva'rad,

373 2416 421 2447 et
463 2407 844 2449 Kolosmonostra
887 2408 1147 2454 directum,
1195 2420 1265 2459 ap.
1311 2404 1519 2461 Peterffy
1551 2406 1630 2450 cit.

368 2474 508 2514 toties
543 2488 614 2527 op.
637 2484 766 2527 parte
799 2480 831 2518 Ι.
855 2489 956 2529 pag.
993 2489 1080 2529 190.
1116 2475 1225 2514 edit.
1259 2475 1426 2514 Poson.
1455 2483 1633 2523 cetera,

372 2555 485 2594 qvae
514 2555 539 2582 a
561 2555 632 2581 me
657 2542 713 2581 de
736 2542 958 2595 Dionysio
991 2541 1131 2582 allata
1163 2551 1284 2588 sunt,
1313 2541 1417 2597 lege
1442 2543 1630 2583 uberius

369 2621 448 2659 ap..
481 2608 645 2649 Timon
679 2609 723 2649 in
765 2609 904 2661 Purp.
947 2609 1090 2649 Parin.
1133 2612 1211 2662 Ap.
1245 2609 1470 2651 Schmitth
1500 2610 1543 2650 in
1575 2612 1626 2653 A.

371 2674 483 2728 Epp.
515 2675 651 2732 Strig.
687 2686 731 2718 et
761 2676 872 2730 Epp.
904 2681 1008 2734 Agr.
1039 2677 1092 2717 T.
1126 2678 1181 2722 Π.
1209 2691 1313 2735 pag.
1349 2692 1414 2732 3⁴2.
1439 2687 1485 2719 et
1505 2690 1630 2731 seqq.
