1779 3128
715 193 899 209 ““·-·
1399 192 1491 244 271

119 308 360 359 Grossior
404 307 662 372 pecunia,
716 325 848 372 qvae
896 308 1151 370 offertur,
1209 307 1303 358 soli
1341 305 1495 357 cedat

115 390 396 439 Ecclesiae.
468 386 508 434 E
541 391 851 447 minutiore,
885 388 1139 439 Parochus
1168 391 1374 439 tertiam
1404 387 1496 436 ha-

111 470 232 520 beat
278 479 497 534 pirtem.
588 481 635 524 7.
688 467 876 517 Oblata
925 487 1021 536 pro
1070 471 1245 518 altaris
1282 480 1491 529 ornatu,

112 549 207 597 soli
246 547 360 596 huic
395 547 600 597 cedant.
674 548 712 595 E
752 549 996 613 reliqvis‚
1036 548 1165 598 duae
1189 560 1362 617 partes
1398 549 1497 597 Ec-

111 627 342 685 clesiae,
395 632 544 676 tertia
594 628 824 676 Parocho
881 629 1130 694 obtingat.
1221 629 1494 689 Volatilia,

37 726 42 730 ·
110 711 275 763 casei,
313 725 502 775 pamm,
533 707 711 771 vituli,
749 698 904 765 oves,
942 711 1090 774 agni,
1128 711 1201 756 sic
1241 706 1493 755 dividun-

105 799 215 843 tor,
270 800 322 835 ut
365 789 473 834 sola
509 804 624 855 pars
676 791 829 836 tertia
867 786 1151 836 Par-ochum
1187 798 1488 837 concernat.

28 924 39 933 ἱ
107 868 314 915 Maiora
364 885 489 915 vero
538 868 813 924 animalia,
863 867 1012 916 solius
1063 867 1329 916 Ecclesiae
1369 870 1490 926 sint,

31 975 50 1014 »ζ
107 950 204 995 nisi
242 947 383 995 aliud
421 949 641 998 voluerit
681 948 899 996 oblator.
974 947 1121 1011 Qvae
1159 963 1262 994 non
1300 945 1366 994 ad
1395 946 1495 995 Ca-

103 1026 343 1075 thedrzim
382 1039 681 1093 ponuntur,
718 1044 900 1075 verum
939 1025 1004 1073 ad
1035 1026 1216 1085 altare,
1255 1025 1352 1074 soli
1392 1025 1491 1074 Ec-

105 1107 292 1155 clesiae
335 1106 538 1155 cedant.
612 1116 657 1161 8.
701 1107 797 1153 Pro
821 1108 1022 1170 >qvovis
1050 1105 1375 1155 Dioecesano
1405 1105 1493 1153 Sa-

106 1184 319 1234 cerdote
358 1198 560 1233 mortuo
585 1224 600 1244 ,
638 1202 736 1233 una
774 1186 973 1233 dicatur
1008 1186 1187 1233 Missa.
1283 1184 1380 1233 Per
1419 1184 1491 1231 V·

90 1265 547 1323 ,Archidiaconum
580 1264 1000 1324 Archidiacono‚
1041 1275 1089 1312 et
1125 1281 1221 1329 per
1248 1262 1382 1312 hunc
1419 1265 1489 1313 E-

101 1348 348 1414 piscopo,
386 1363 523 1393 mors
556 1349 776 1395 cuiusvis
815 1347 1171 1394 annuncietur.
1246 1362 1291 1409 9.
1333 1345 1491 1393 Paro-

99 1425 184 1475 chi
218 1444 318 1475 non
360 1438 659 1474 amoventes
697 1427 938 1474 mulieres
979 1438 1274 1492 suspectas,
1315 1428 1488 1474 incur-

103 1518 218 1554 rant
256 1509 639 1572 suspensionem
667 1544 681 1565 ,
720 1523 815 1571 per
852 1501 1293 1555 Archi'diaconum
1334 1504 1490 1554 Ordi-

104 1590 249 1632 nario
300 1585 664 1634 denunciandi.
759 1601 832 1634 10.
886 1585 1086 1633 Domus
1137 1584 1489 1645 Parochiales‚

101 1677 151 1713 et
192 1668 403 1728 qvaexis
440 1665 701 1712 Ecclesiae
740 1665 916 1725 Bona,
966 1676 1200 1713 maturae
1252 1676 1366 1713 sunt
1404 1682 1486 1712 re-

99 1743 395 1792 stauranda,
482 1744 662 1792 Emtae
701 1742 879 1791 domus
917 1746 1154 1801 vicinae,
1190 1760 1284 1811 pro
1321 1743 1485 1791 subsi-

101 1823 188 1872 dio
236 1840 510 1888 aegrorum
562 1821 897 1870 Sacerdotum
935 1822 1152 1882 cedant3
1204 1826 1243 1870 si
1286 1823 1484 1887 absqve

101 1906 231 1951 scitu
282 1902 563 1968 Episcopi,
611 1913 846 1950 coemtae
885 1901 1112 1951 Fuerunt.
1204 1918 1278 1952 11.
1319 1902 1484 1951 Cleri-

100 1999 186 2031 cus
221 1981 412 2029 saltans
438 1999 554 2029 cum
587 1980 854 2039 foeminis,
893 1984 1098 2030 tertiam
1130 1994 1331 2048 partem
1361 1999 1483 2048 pro-

99 2072 352 2108 ventuum
380 2062 587 2109 amittit.
661 2059 777 2109 Non
816 2064 879 2109 sit
908 2060 1195 2126 litigiosus,
1235 2062 1485 2121 ebriosus,

99 2142 154 2187 in
191 2140 408 2188 taberna
463 2141 676 2198 bibens,
732 2152 818 2189 aut
853 2152 1088 2188 venator.
1160 2139 1344 2189 Vestes
1381 2153 1484 2189 sta-

99 2223 174 2268 tui
221 2218 356 2267 haud
402 2222 772 2267 convenientes
801 2257 815 2277 ,
867 2236 932 2267 ne
986 2219 1222 2280 deferat3
1276 2223 1350 2270 uti
1388 2237 1484 2270 nec

98 2299 378 2357 annulum,
419 2298 512 2347 sub
562 2298 795 2346 eiusdem
825 2302 1113 2347 amissione.
1195 2313 1266 2348 12.
1304 2301 1361 2348 In
1386 2300 1486 2349 Ec-

101 2378 295 2435 clesia,
338 2379 426 2427 vel
480 2382 712 2426 sacristia
763 2379 1082 2435 clamanteS,
1135 2390 1185 2427 et
1220 2391 1336 2446 post
1371 2398 1485 2428 mo-

103 2458 385 2514 nitionem,
430 2475 532 2506 non
585 2457 884 2516 emendati,
944 2459 1008 2506 ab
1047 2458 1307 2525 Episcopo
1338 2463 1486 2527 puni·

100 2546 266 2583 antur.
341 2536 549 2603 Otium,
585 2538 911 2596 chartif'olia‚
952 2549 1001 2586 et
1028 2539 1222 2605 similes
1259 2556 1483 2605 occupa-

101 2614 534 2681 tiones-fugiant,
582 2635 766 2667 verum
815 2617 1052 2668 studeant
1087 2621 1297 2685 potius,
1338 2629 1386 2665 et
1427 2636 1483 2667 0-

1279 2709 1411 2747 rent.
