1779 3128
693 179 877 197 -..
1387 175 1477 230 ‚39

694 201 878 210 ——-—⁴

104 292 453 340 confirmatus.
490 290 551 353 t)
625 290 715 339 Cui
753 291 962 340 demum
990 290 1194 340 additus
1231 300 1306 339 est
1338 304 1474 337 anno

108 385 247 431 1501.
282 370 448 418 honor
486 369 776 418 Cardinalis
814 374 890 420 tit.
934 371 980 420 S.
1005 372 1223 418 Martini
1251 371 1301 416 in
1328 385 1472 417 mon-

100 450 230 498 tibus
255 486 269 507 ,
325 461 375 497 et
413 449 504 498 sub
545 466 739 497 annum
782 455 924 509 1508.
964 449 1139 498 titulus
1178 447 1471 497 Constanti-

98 528 386 598 nopolitani
437 529 778 578 Patriarchae.
829 530 888 592 u)
975 530 1115 595 Qvos
1168 526 1378 576 demum
1415 545 1503 578 οο,

98 625 242 656 mnes
291 608 501 667 titulos,
549 620 701 673 atqve
750 608 971 657 honores
1021 625 1121 657 una
1172 625 1288 657 cum
1342 610 1471 667 vita,

99 687 396 752 relinqvere
446 689 624 737 debuit
671 705 807 736 anno
862 703 1004 747 1521.
1054 689 1115 750 v)
1209 687 1341 735 Usus
1395 675 1473 736 e'st

96 778 266 815 autem
305 771 503 833 magnis
551 767 687 816 hisce
726 768 1051 827 nominibus,
1098 770 1148 815 in
1197 768 1474 829 utriusqve,

98 845 437 911 Reipublicae
471 847 705 896 salutem.
800 848 973 914 Qvare
1009 850 1197 895 mirum
1235 861 1336 893 non
1373 854 1476 904 estt

95 925 237 989 qvod
274 944 366 993 per
401 928 562 975 alium
611 914 954 977 celebiaVerit
991 927 1254 993 Synodum
1290 922 1469 972 Eccle-

93 1007 382 1064 siasticam3
425 1010 564 1055 cuius
601 1025 703 1056 non
741 1010 977 1056 meminit
1016 1005 1277 1072 Pe'terffy:
1322 1003 1469 1053 nobis

40 1091 45 1095 ’
93 1102 217 1134 vero
256 1102 444 1135 nomen
483 1089 591 1135 eius
634 1086 881 1136 duntaxat
919 1098 993 1136 est
1031 1098 1233 1136 notum.
1291 1076 1295 1078 Ἴ
1508 1091 1511 1094 “

577 1215 626 1286 §.
698 1220 989 1269 LXXVIII.
1259 1217 1261 1219 ’
1414 1240 1442 1253 a

330 1343 475 1420 Syn.
520 1340 780 1416 Agrien.
826 1360 883 1398 a.
931 1342 1225 1399 MDXII.

152 1536 155 1538 .
223 1492 566 1555 Posteaqvam
595 1489 875 1556 Hypolitus
913 1490 1135 1538 Estensis
1157 1526 1170 1548 ,
1205 1490 1321 1537 Dux
1345 1489 1466 1538 Fer-

87 1572 287 1629 rariae,
325 1570 533 1618 dimissa
571 1571 634 1618 ad
676 1586 863 1618 annum
899 1570 1039 1632 1496.
1111 1569 1239 1617 Sede
1274 1569 1466 1631 5111ξο-

88 1653 285 1709 nicusi,
325 1661 595 1698 contentus
634 1650 729 1698 fuit
766 1650 1032 1715 Agriensi‚
1069 1648 1245 1697 Petrus
1270 1649 1334 1698 de
1362 1650 1464 1698 Κεφ

86 1730 278 1778 resztt'n·
328 1729 622 1777 Canonicus
661 1728 957 1794 Agriensis,
1007 1740 1056 1777 et
1102 1729 1335 1795 Hypoliti
1374 1729 1464 1777 Vi,

86 1812 284 1869 carius,
323 1808 406 1856 die
448 1809 494 1857 S.
532 1810 736 1856 Ioannis
776 1819 895 1856 ante
942 1819 1145 1874 portam
1197 1809 1463 1877 Latinam,

1259 1905 1394 1937 anno

142 2009 192 2068 t)
223 2010 336 2055 Nam
369 2019 557 2052 eatenus
589 2009 755 2052 literae
781 2011 920 2056 Pont.
945 2011 1002 2052 ad
1031 2012 1176 2065 ipsum
1202 2011 1336 2055 datae
1357 2019 1463 2055 sunt

197 2091 259 2130 13.
293 2079 392 2122 Kal.
424 2080 520 2122 Ian.
554 2093 626 2132 ap.
659 2079 883 2120 Schmitth
915 2080 1100 2133 011.,ορ.
1135 2090 1180 2120 et
1208 2081 1358 2120 Tomo
1378 2108 1392 2128 ,
1415 2093 1461 2133 p.

192 2149 282 2201 163.
353 2147 420 2188 Ad
461 2147 634 2202 Regem
678 2161 793 2188 vero
849 2148 1069 2190 Kalendis
1107 2148 1339 2197 Ianuarii,
1380 2161 1455 2190 an.

192 2227 312 2268 1497,
372 2215 423 2271 u)
457 2212 681 2271 Istvanffy
714 2215 836 2256 libro
857 2217 928 2258 IV.
954 2230 1059 2273 pag.
1090 2228 1159 2271 47.
1186 2226 1231 2258 et
1257 2230 1324 2272 52.
1345 2217 1459 2258 edit.

187 2284 379 2336 primae.
439 2284 561 2339 Pray
593 2285 639 2324 in
671 2284 857 2338 specim.
899 2285 1024 2325 Hier.
1057 2285 1207 2341 Hung.
1251 2294 1383 2339 parte
1413 2286 1450 2326 Ι.

189 2364 295 2406 pag.
332 2362 421 2406 178.
480 2355 538 2395 Et
567 2353 613 2393 in
644 2350 906 2409 fragmento
941 2353 1207 2395 documenti
1239 2354 1298 2396 ad
1329 2353 1451 2394 hunc

189 2431 262 2460 an.
297 2432 367 2472 ap.
399 2419 625 2462 Schmitth
668 2421 714 2462 in
754 2420 999 2474 Archiepp.
1050 2421 1188 2478 Strig.
1231 2430 1362 2475 parte
1393 2415 1480 2465 II.¹

188 2498 294 2542 pag.
327 2499 393 2537 24.
452 2489 501 2541 v)
533 2490 604 2533 Ita
635 2490 816 2531 notavit
845 2488 1014 2531 Olahus
1046 2490 1092 2531 in
1124 2489 1344 2531 chronico
1374 2489 1459 2531 ali-

148 2584 153 2587 -
189 2567 237 2596 as
269 2565 537 2599 memorato,
595 2558 770 2600 Laudes
803 2557 927 2599 illius
956 2559 1163 2601 versibus
1195 2558 1455 2611 conplexus

187 2631 254 2662 est
275 2623 398 2663 Hier.
426 2616 591 2667 Balbus
614 2627 833 2679 Praepos.
861 2628 1030 2667 Poson.
1090 2629 1212 2683 Qvos
1235 2627 1341 2683 lege
1374 2640 1446 2677 ap,

188 2690 376 2740 Retzcr,
399 2692 519 2733 inter
543 2706 648 2748 opp.
670 2695 801 2738 Balbi
827 2696 938 2739 edit.
961 2697 1117 2740 Vieun.
1150 2696 1252 2738 anni
1289 2709 1411 2748 1791.
