1779 3128
279 206 374 257 292
873 198 1056 217 '’¹'-

281 318 528 364 obnoxius
563 315 691 370 erit,
729 322 780 359 et
809 313 1119 371 subiacebit,
1155 329 1275 377 qvas
1292 311 1519 376 fidelium
1553 314 1652 362 La-

283 399 384 442 tini
413 396 571 441 Ritus
618 395 979 439 immunitatem
1015 395 1425 442 Ecclesiasticam
1461 396 1653 441 laeden-

283 485 394 530 tes,
433 476 494 518 de
527 475 665 531 iure,
708 461 776 518 'ac
812 474 1161 519 consuetudine
1207 475 1484 519 incurrunt.
1572 477 1651 520 110

279 557 480 613 insuper
508 586 523 609 ,
570 554 620 598 in
666 554 814 597 buius
870 554 1265 599 Ecclesiasticae
1319 555 1653 599 immunitatis

278 649 374 677 usu
410 633 632 677 universi
654 632 871 678 Domini
902 633 1171 692 Episcopi,
1213 632 1518 678 Gubernium
1553 634 1654 679 Re·

274 714 449 775 gium,
485 708 799 775 Magnates,
849 710 1082 772 Supremi
1117 711 1410 771 Capitanei,
1461 728 1521 757 ac
1569 713 1653 759 Iu·

278 793 413 839 dices
448 792 604 854 Regii
619 808 641 850 ,·
679 781 785 837 tiam
815 791 1198 848 Ecclesiastici‚
1239 799 1344 835 tum
1375 791 1652 837 saecularis

266 872 388 934 sori
418 870 620 916 Iudices
639 904 655 929 ,
705 879 756 915 et
799 870 1108 926 Iustitiarii,
1164 871 1214 915 si
1266 886 1435 916 coram
1466 866 1559 914 'eis
1604 873 1653 917 in

273 951 661 1011 praedeclarata
695 951 1008 994 immunitate
1047 964 1133 994 vos
1169 949 1332 995 laesos
1368 965 1504 1008 esse,
1543 966 1652 1012 (sve-

277 1031 353 1074 sti
370 1029 626 1089 fueritis,
679 1044 937 1091 eorumqve
985 1029 1267 1085 auxilium,
1314 1038 1364 1074 et
1415 1031 1657 1075 assisten-

281 1110 405 1153 tiam
438 1108 857 1169 imploraveritis,
893 1108 1161 1165 iudicium,
1198 1117 1247 1154 et
1281 1110 1530 1155 iustitiam
1560 1126 1655 1154 non

278 1189 474 1244 minus,
510 1202 573 1233 ac
608 1187 838 1244 Latinis,
879 1186 932 1234 S.
970 1188 1173 1234 Matris
1222 1189 1482 1237 Ecclesiae
1518 1188 1654 1250 fide-

277 1268 442 1330 libas,
480 1269 648 1312 eadem
684 1269 998 1314 immunitate
1027 1268 1391 1331 gaudentibus,
1440 1269 1651 1314 admini-

277 1355 448 1393 strare
482 1347 758 1406 debebunt,
797 1356 848 1392 et
883 1347 1195 1394 tenebuntur.
1268 1348 1422 1411 Qvod
1444 1349 1494 1393 si
1513 1364 1658 1409 prae-

275 1434 418 1473 Stare
452 1428 876 1483 intermitterent,
915 1428 1144 1489 nobisque
1179 1442 1239 1472 ac
1270 1426 1656 1473 Successoribus

278 1508 470 1553 nostris
517 1508 726 1566 desuper
770 1508 1061 1553 relationem
1095 1507 1333 1568 feceritis
1359 1524 1380 1553 .·
1432 1515 1490 1552 ut
1523 1507 1678 1555 malo,

279 1596 385 1631 tam
433 1588 653 1631 evidenti
679 1620 695 1642 ,
750 1589 993 1631 severiori
1026 1589 1177 1634 etiam
1229 1603 1412 1643 manu,
1465 1587 1656 1632 medela

281 1668 569 1725 tempestive
604 1666 932 1721 adhiheatur,
982 1666 1392 1712 allaborabimus.
1439 1662 1500 1726 t)
1553 1664 1654 1711 Ita-

282 1759 384 1805 qve
421 1744 649 1790 securior
698 1745 800 1789 iam
851 1743 1013 1790 sactus
1065 1742 1275 1790 Praesul
1314 1741 1657 1791 Valachorum

281 1809 656 1888 Theophylus,
707 1839 823 1870 cum
875 1820 1197 1869 duodenario
1250 1820 1656 1870 Archidiacono-

281 1918 427 1960 rum,
467 1919 594 1965 qvos
634 1900 806 1949 dicunt
846 1905 1231 1962 Proto-Popas,
1270 1917 1500 1959 numero,
1539 1903 1654 1948 uni-

283 1983 372 2030 oni
421 1982 716 2046 subscripsit
770 1997 966 2028 rursum
993 2017 1008 2038 ,
1063 1991 1113 2028 et
1169 1991 1444 2046 praesente
1500 1979 1653 2028 Clero

283 2078 407 2119 suo,
445 2060 597 2108 hosce
637 2060 913 2117 articulos,
949 2059 1234 2109 iuramento
1272 2060 1502 2107 firmatos
1525 2097 1540 2120 ‚
1579 2069 1656 2108 est

281 2140 575 2206 professus:
628 2140 665 2188 I.
716 2143 999 2188 Romanum
1051 2141 1345 2200 Pontzficem
1393 2158 1496 2186 esse
1544 2144 1652 2187 uni-

282 2224 474 2267 versale
509 2231 658 2282 caput
701 2224 859 2266 totius
893 2238 984 2281 per
1032 2222 1196 2265 orbem
1246 2220 1468 2281 dffzsae
1511 2223 1652 2265 Chri-

256 2303 356 2348 >sti
386 2302 659 2347 Ecclesiae.
732 2298 794 2345 II.
831 2301 1018 2345 Panem
1055 2316 1315 2361 azymum,
1370 2315 1474 2343 esse
1508 2299 1654 2359 sussi-

282 2383 488 2426 cientem
525 2381 785 2424 materiam
810 2378 1126 2424 sacramenti
1147 2380 1521 2424 Eucharistiae.
1561 2376 1649 2426 III.

281 2461 495 2508 Praeter
548 2460 744 2503 coelam
770 2492 784 2516 ,
836 2459 1111 2503 Beatorztm
1150 2455 1362 2510 sedem,
1417 2468 1465 2503 et
1501 2461 1653 2519 infer-

1448 2556 1580 2597 num,

341 2705 391 2762 t)
424 2709 615 2751 Docum.
651 2705 737 2749 hoc
770 2707 904 2750 citavi
938 2707 994 2749 ad
1027 2706 1198 2748 calcem
1233 2706 1271 2761 ς.
1309 2721 1400 2751 1-20.
