1779 3128
276 193 372 240 252
871 177 1056 208 ···-···“-

269 302 432 349 ciscus
484 298 798 367 Erghelius‚
847 302 907 370 g)
961 305 1109 354 aliter
1157 303 1314 356 dictus
1355 296 1644 373 Ergelszki:

271 379 331 443 h)
373 397 400 427 e
449 380 750 447 Praeposito
801 380 1159 450 Zagrabiensis
1210 385 1460 455 Capituli,
1509 403 1645 435 anno
1706 427 1718 442 ³

279 460 422 518 1605.
476 460 759 527 Episcopus
813 462 1108 513 Bosnensis.
1187 467 1233 514 A
1281 466 1364 515 die
1420 480 1491 528 19.
1530 466 1646 515 Iulii

273 540 397 585 anni
453 539 593 592 1603.
645 541 1310 606 Qvinq-ve-Ecclesiensis3
1361 555 1411 595 at
1458 564 1579 594 mox
1617 562 1647 594 a

275 628 459 680 qvarta
506 616 710 667 decima
768 624 959 670 mensis
1021 621 1374 682 Decembris,
1437 624 1645 673 Praesul

270 694 703 762 Vesprimiensis;
747 711 902 763 qvem
936 700 1024 748 ille
1058 700 1305 750 honorem
1339 718 1473 751 anno
1505 704 1644 760 1628.

272 771 356 821 die
406 776 685 826 undecima
735 779 885 838 Iulii,
942 797 1058 829 cum
1106 780 1274 828 infula
1311 780 1642 846 Zagrabiensi

269 857 636 915 commutabat.
675 858 731 920 i)
805 858 934 906 Acta
969 860 1244 925 perillum
1271 858 1524 925 Synodus,
1558 858 1644 912 de·
1699 911 1706 917 ,

270 950 413 983 mum
446 951 547 984 ann
590 936 731 997 1766.
768 939 906 1005 typis
943 938 1210 989 edebatur.
1249 938 1311 1002 k)

838 1079 888 1150 §.
960 1083 1091 1132 cv1.

557 1216 716 1275 Eius
757 1228 938 1286 acta,
980 1230 1043 1275 et
1086 1219 1348 1275 decreta.

405 1376 564 1425 Dedit
613 1374 937 1427 occasionem
984 1376 1242 1443 cogendae
1291 1377 1366 1425 illi
1417 1376 1647 1442 Synodo,

273 1453 567 1503 Nationalis
615 1456 968 1505 Pezmz'aniana
1004 1493 1018 1516 ‚
1071 1474 1201 1521 qvae
1254 1473 1389 1505 anno
1437 1472 1652 1524 praece·-

276 1534 431 1583 dente
487 1548 814 1598 convocata,
880 1548 930 1585 et
981 1539 1213 1608 superius
1267 1533 1357 1601 (§.
1411 1535 1648 1599 XXIII.)

273 1614 446 1663 fuerat
496 1618 768 1663 recensita.
841 1614 1075 1664 Offendit
1120 1618 1388 1664 enimvero
1438 1614 1650 1663 Praesu-

271 1693 377 1742 lem
420 1696 715 1742 constitutio
753 1697 998 1761 septima,
1035 1698 1279 1745 nimirum
1317 1693 1381 1742 de
1417 1693 1647 1742 substan-

236 1797 239 1799 ·
272 1774 346 1820 tia
383 1770 744 1821 defanctorum
781 1774 1167 1833 praelatorum,
1207 1774 1328 1822 solis
1356 1775 1644 1838 Hungariae

273 1852 570 1899 seminariis
618 1852 966 1920 adplicanda‚
1017 1853 1306 1918 favoreqve
1358 1852 1647 1919 diplomatis

273 1928 657 1979 Ferdinand‘aei
686 1968 701 1990 ,
755 1931 822 1980 ad
873 1932 1003 1981 haec
1051 1943 1253 1980 tantum
1303 1929 1649 1980 extendendo·

274 2009 610 2077 Qvapropter
650 2011 882 2061 decernit
927 2011 1166 2079 Synodus
1208 2009 1553 2077 Ergheliana,
1591 2019 1651 2057 ut‘

1428 2106 1583 2156 super

327 2221 383 2279 g)
414 2222 486 2264 Sic
516 2220 780 2275 adpellatur
818 2222 866 2264 in
897 2222 1018 2264 Actis
1049 2221 1237 2277 synodi.
1314 2220 1365 2275 h)
1396 2222 1469 2262 Ita
1499 2228 1638 2261 testa-

381 2298 455 2330 tur
494 2290 584 2332 Ra,
617 2289 883 2333 Kercselich
914 2291 959 2332 in
989 2291 1104 2333 Hist.
1131 2288 1258 2330 Cath.
1283 2288 1407 2331 Eccl.
1440 2287 1637 2344 Zagrab.

385 2370 493 2413 pag.
526 2372 622 2412 507.
683 2358 729 2412 i)
758 2359 871 2399 Vide
894 2359 1018 2413 Pray
1049 2358 1094 2398 in
1124 2356 1310 2410 specim,
1335 2356 1461 2400 Hier.
1485 2356 1637 2412 Hung.

383 2433 515 2478 parte
547 2429 581 2467 Ι.
614 2439 717 2482 pag.
751 2430 846 2481 256.
879 2435 925 2467 et
952 2438 1047 2480 305.
1080 2433 1126 2465 et
1155 2433 1287 2478 parte
1318 2426 1374 2468 ΙΙ.
1411 2438 1514 2480 pag.
1546 2428 1643 2478 360.

382 2485 502 2532 item
528 2506 630 2549 pag.
671 2503 767 2545 433.
811 2494 904 2533 RR.
938 2494 1119 2535 Katona
1161 2493 1238 2534 cit.
1272 2494 1361 2534 iam
1394 2507 1469 2547 op.
1499 2494 1552 2533 T.
1585 2493 1643 2536 ΙΙ.

385 2573 487 2615 pag.
520 2575 588 2613 77.
650 2561 700 2614 k)
732 2561 922 2617 Legitur
952 2561 1075 2602 inter
1109 2561 1468 2605 constitutiones
1499 2561 1640 2616 Syno-

385 2627 513 2668 dales
545 2629 705 2671 Dioec.
738 2629 932 2684 Zagrab.
965 2629 1109 2670 editas
1132 2630 1333 2686 Zagrab.
1367 2631 1487 2671 iussu
1509 2632 1644 2672 Fran·

391 2696 498 2740 cisci
529 2695 737 2754 Thauszy
768 2697 980 2753 Episcopi
1010 2697 1346 2756 Zagrabiensis.
