1779 3128
313 200 403 238 112
911 196 1097 215 ““““”“““

302 314 617 381 promissam
664 322 786 361 tunc
837 309 1266 361 deliberationem
1311 327 1468 378 super
1519 329 1677 381 nego.

308 396 380 442 tio
402 430 418 453 ,
456 392 674 440 multum
710 390 976 441 differret:
1023 395 1129 459 egit
1162 392 1326 442 Lucas
1379 396 1513 462 apud
1550 397 1684 446 Pon·

309 474 507 521 tificem
546 470 900 521 Alexandrum
933 473 1022 521 III.
1060 483 1113 521 ut
1148 471 1231 522 hie
1258 474 1531 525 Albertum
1561 476 1685 525 Car-

310 635 857 697 matia,.ceterisqve
903 632 1230 698 Hungaricae
1281 633 1514 683 Coronae
1563 653 1681 702 pro-

311 714 497 761 vinciis
534 712 824 778 Legatum,
861 715 913 759 in
949 705 1308 777 Hungariarn,
1362 729 1496 762 anno
1531 732 1684 782 supe·
1751 715 1754 744 ¹

312 795 415 840 rius
451 801 740 840 memorato
777 793 956 840 venire
1004 791 1221 840 iuberet.
1304 791 1518 841 Faustus
1574 805 1684 843 erat

313 871 453 920 illius
490 874 541 919 in
578 870 711 919 hanc
752 873 1020 936 regionem
1056 868 1346 930 adventus,
1400 871 1512 920 Rex
1547 877 1686 922 enim

311 962 482 999 motus
520 950 709 1015 Legati
746 947 1128 1008 cohortatione,
1160 948 1685 1014 publico'documen-

311 1042 365 1079 to
402 1027 713 1095 spopondit,
751 1028 1188 1089 abstenturumse
1217 1027 1463 1096 deinceps
1499 1030 1561 1078 ab
1594 1034 1684 1091 iis,

313 1126 447 1174 qvae
485 1118 592 1156 tam
628 1109 774 1173 ipse,
814 1123 971 1171 qvam
1020 1109 1128 1155 eius
1176 1119 1524 1158 antecessores
1561 1126 1685 1159 con-

310 1200 390 1238 tra
423 1187 693 1237 libertates
730 1185 1116 1236 Ecclesiasticus
1155 1200 1546 1255 usurpaverunt.
1587 1189 1645 1253 z)

845 1314 894 1385 ς.
964 1319 1151 1368 XLIV.

493 1444 639 1520 Syn.
685 1439 877 1514 Strlg.
923 1408 1078 1497 alini
1109 1440 1295 1500 MCC
1297 1401 1486 1500 XCI).

441 1590 815 1646 Lodomerius,
865 1587 1001 1636 clara
1032 1624 1046 1646 ,
1090 1599 1410 1654 potenteqve
1461 1588 1682 1648 familia,

312 1686 444 1735 qvae
487 1669 704 1716 Russiae
742 1666 1062 1733 Principibus
1098 1667 1435 1733 iungebatur,
1477 1671 1681 1734 sangvi-

309 1767 375 1798 ne
412 1761 592 1807 natus,
639 1759 911 1814 postqvam
959 1747 1253 1794 Budensem
1303 1746 1384 1795 SS.
1441 1747 1574 1794 Petri
1630 1757 1682 1794 et

312 1829 455 1876 Pauli
495 1828 900 1894 Praeposituram
931 1863 944 1883 ,
994 1825 1113 1874 dein
1162 1826 1570 1874 Varadinensem
1613 1826 1677 1872 E·
1731 1878 1734 1881 ,

310 1910 637 1973 piscopatum
674 1908 919 1954 tenuisset
958 1905 1018 1953 ab
1055 1922 1187 1953 anno
1231 1905 1367 1956 1268.
1405 1902 1678 1970 Archiepi·

303 2003 497 2053 scopus
549 2001 682 2034 anno
741 1997 880 2046 1279.
916 1983 1341 2032 constituebatur.
1382 1982 1438 2046 a)
1529 1983 1677 2031 Hunc

1475 2061 1609 2109 cele-

361 2169 408 2225 z)
439 2168 599 2210 Exstat
637 2167 751 2210 haec
794 2169 888 2210 eius
929 2167 1171 2221 promissio
1212 2179 1283 2218 ap.
1317 2162 1523 2220 Peterffy
1557 2165 1674 2206 Con·
1747 2217 1751 2222 ὓ

415 2238 491 2278 cil.
541 2238 594 2278 H.
635 2238 690 2278 T.
722 2238 757 2279 1.
799 2250 904 2293 pag.
948 2241 1012 2289 65.
1093 2238 1172 2287 Ap.
1207 2232 1366 2276 liollar
1396 2234 1440 2273 in
1472 2233 1574 2273 hist.
1608 2233 1676 2273 di-

414 2304 606 2359 plomat.
638 2305 751 2348 Iuris
786 2295 1061 2347 patronatus
1095 2310 1179 2342 etc.
1203 2315 1309 2356 pag.
1347 2314 1437 2342 1⁴20.
1499 2301 1583 2356 Qvi
1608 2309 1676 2341 ta-

413 2386 514 2415 men
547 2386 741 2413 erronee
774 2372 981 2425 putavit,
1010 2369 1129 2410 illud
1153 2368 1293 2409 Belae
1325 2369 1467 2409 tertio
1500 2369 1674 2409 adscri-

331 2493 334 2495 ‚
414 2440 615 2480 bendum
642 2453 767 2487 esse,
798 2441 864 2479 uti
896 2438 1054 2494 legere
1088 2445 1216 2489 potes
1241 2436 1332 2478 RR.
1358 2440 1534 2478 Katona
1557 2437 1675 2480 Hist.

414 2508 518 2548 crit.
553 2508 605 2553 R,
637 2507 690 2546 H.
721 2508 774 2546 T.
808 2508 877 2550 IV.
915 2519 1018 2561 pag.
1054 2512 1146 2558 189.
1214 2503 1261 2559 a)
1305 2504 1417 2544 Vide
1449 2503 1674 2546 Schmitth

413 2575 461 2615 in
492 2577 540 2615 A.
574 2577 655 2627 Ep.
688 2573 826 2630 Strig.
861 2582 997 2627 parte
1027 2575 1061 2615 I.
1085 2586 1188 2627 pag.
1215 2574 1304 2622 1416.
1364 2574 1480 2626 Pray
1508 2572 1553 2612 in
1575 2563 1673 2624 spe-

365 2683 367 2685 ,
414 2642 516 2682 cim.
547 2642 665 2686 Hier.
697 2641 846 2697 Hung.
880 2649 1010 2695 parte
1040 2641 1075 2684 1.
1107 2654 1215 2697 pag.
1252 2641 1341 2692 163.
1375 2650 1420 2681 et
1452 2649 1581 2692 parte
1613 2639 1669 2681 11.

396 2723 526 2779 pag.
567 2714 658 2763 165.

312 551 544 601 dinalern
580 552 893 613 Diaconum,
928 556 988 600 de
1023 554 1182 601 Mora
1209 553 1423 615 dictum,
1462 558 1514 603 in
1553 556 1682 604 Dal·
1752 598 1754 600 ,
