1779 3128
328 164 420 221 236
925 165 1107 192 '‘¹¹‘'-

325 302 686 345 communem‚
723 296 773 335 et
812 283 1004 335 idioma
1039 291 1088 336 in
1125 288 1299 339 officio
1335 289 1557 342 Divino:
1610 293 1702 345 sed

331 368 575 433 dogmata
611 376 906 415 constanter
934 383 1035 416 non
1068 371 1405 421 retinuerunt.
1480 372 1612 421 Nam
1649 386 1703 424 et

324 445 577 494 Monachi
635 448 761 513 ipsi,
825 446 1042 495 Latinae
1094 447 1356 499 Ecclesiae
1410 454 1696 512 coniuncti,

324 528 377 572 in
413 523 626 573 exordio
676 523 865 573 saeculi
911 525 1052 574 XIII.
1090 526 1331 588 fuerant,
1382 541 1431 578 et
1468 531 1533 579 ad
1566 536 1698 599 peti-

322 607 518 651 tionem
567 604 719 669 Regis
757 604 1017 663 Emerici,
1074 604 1312 654 Pontifex
1364 609 1695 659 Innocentius

319 681 427 737 ΙΙΙ,
471 683 784 751 Episcopum
821 682 1165 733 Ruthenicum
1196 722 1211 745 ‚
1257 685 1523 736 Romanae
1574 690 1695 738 Sedi

321 763 628 810 immediate
666 762 1074 824 subiiciendum5
1122 768 1386 814 instituere
1422 767 1701 818 meditatus

318 853 451 891 erat.
535 841 778 890 Nondum
828 842 1006 908 elapso
1056 843 1285 893 eiusdem
1325 846 1511 894 saeculi
1546 847 1702 896 dimi-

321 920 444 979 dio,
495 921 716 984 Romam
754 921 980 988 profecti
1032 939 1214 971 eorum·
1246 935 1508 984 oratoreS‚
1560 943 1701 975 com-

320 1004 622 1049 munionem
674 999 1092 1050 Ecclesiasticam
1143 1003 1206 1051 ab
1258 1005 1559 1054 Innocentio
1608 1006 1696 1056 IV.

323 1084 604 1146 petierunt.
693 1078 802 1128 Nec
838 1091 1013 1128 tamen
1050 1099 1246 1131 omnes.
1332 1082 1464 1149 Qvia
1500 1084 1699 1134 scilicet

321 1161 551 1225 primum
589 1158 833 1208 carebant
867 1162 1112 1209 Antistite
1140 1165 1336 1229 proprii
1372 1166 1514 1211 ritus.
1591 1163 1697 1229 Qvi

317 1254 448 1286 vero
488 1240 684 1305 primus
721 1240 975 1306 reperitur
1010 1239 1293 1308 Episcopus
1337 1259 1514 1290 eorum
1551 1243 1697 1292 Ioan—

317 1334 410 1367 nes
461 1318 525 1365 ad
567 1319 724 1366 finem
759 1319 948 1368 saeculi
998 1319 1111 1367 XV.
1164 1331 1213 1368 et
1266 1322 1306 1368 si
1363 1337 1468 1369 non
1510 1338 1692 1371 omnes

316 1396 455 1446 hunc
493 1399 541 1445 in
580 1412 794 1446 munere
834 1401 1068 1462 seqvuti‚
1120 1401 1200 1461 m)
1251 1399 1433 1447 salte'm
1467 1401 1693 1450 Basilius

314 1475 708 1536 Tarassovich‚
741 1477 858 1525 inde
895 1477 956 1525 ab
995 1494 1126 1526 anno
1176 1478 1313 1537 1633,
1356 1478 1568 1528 Praesul
1606 1497 1694 1531 eo-

314 1572 468 1615 rum,
519 1560 940 1605 communionem
989 1557 1294 1605 Latinorum
1333 1570 1598 1607 aversatus
1639 1577 1691 1608 e-

311 1647 411 1684 rat.
499 1636 694 1683 Eodem
738 1634 1072 1684 nihilominus
1119 1648 1389 1703 tempore,
1443 1639 1689 1701 qvadrin-

312 1715 458 1781 genti
508 1715 675 1762 ferme
728 1714 1071 1773 Sacerdotes,
1124 1718 1371 1777 unionem
1427 1716 1688 1766 Ecclesiae

314 1794 539 1842 Latinae
577 1793 804 1860 amplexi
829 1806 988 1861 sunt,
1026 1797 1158 1844 inter
1195 1811 1321 1859 qvos
1355 1794 1531 1843 Petrus
1572 1796 1692 1844 Par-

311 1871 519 1925 thenius
557 1872 655 1922 fuit
690 1870 974 1921 Monachus
1010 1872 1253 1932 Basilsta,
1297 1871 1688 1924 Tarassovichii

314 1955 368 2000 in
408 1952 720 2018 Episcopatu
759 1968 1037 2001 successor.
1120 1952 1222 2017 Qvi
1271 1954 1473 2000 tametsi
1512 1970 1686 2002 errore

316 2034 567 2097 qvopiam
616 2029 851 2079 inductus
887 2068 902 2090 ‚
961 2049 988 2080 a
1044 2030 1296 2098 Stephano
1352 2030 1688 2100 Simonovich

311 2108 653 2176 Belgradensi
689 2109 1088 2178 Archiepiscopo
1138 2107 1472 2158 schismatico
1497 2146 1512 2169 ,
1550 2111 1688 2159 aliis·

313 2206 418 2253 qve
466 2188 664 2236 duobus
720 2188 1158 2258 consecrationem
1218 2192 1517 2256 receperit,
1570 2207 1692 2237 mox

311 2278 485 2317 tamen
539 2268 665 2318 facti
713 2272 1025 2335 poenitens,
1079 2285 1172 2334 per
1221 2268 1689 2333 Metropolitanum

1491 2346 1620 2399 stris

301 2482 305 2489 '
366 2476 433 2532 m)
466 2476 613 2522 Series
647 2493 806 2522 eorum
832 2476 1005 2538 legitur
1028 2493 1100 2534 ap.
1125 2476 1248 2534 Pray
1279 2478 1324 2521 in
1350 2478 1535 2532 specim.
1557 2477 1685 2524 Hier.

417 2545 569 2603 Hung.
619 2558 752 2602 parte
794 2554 827 2594 I.
870 2563 973 2606 pag.
1014 2559 1109 2603 413.
1184 2547 1264 2589 Cui
1311 2544 1560 2590 nonnullos
1594 2560 1682 2604 ego

419 2615 569 2655 adieci
604 2630 658 2656 ex
690 2615 823 2658 libris
855 2616 1038 2675 Regiis,
1071 2631 1092 2656 e
1127 2617 1288 2670 qvibus
1323 2616 1402 2657 hos
1437 2623 1678 2662 notaverat.

422 2682 515 2722 RR.
552 2684 749 2728 Michael
783 2686 1002 2727 Paixitner
1034 2685 1147 2728 alias
1179 2685 1408 2730 laudatus.
