1779 3128
314 185 409 249 176
922 197 1106 228 =····—-—-
1148 238 1154 242 .

840 305 913 379 5.,
962 309 1182 367 LXXII.

509 459 658 537 Syn.
703 455 869 516 Nitr.
915 479 1014 516 an.
1058 459 1484 527 MCDXCIV.

1739 631 1744 646 Ι

1742 583 1761 602 .,

453 633 606 683 Nunc
652 631 790 687 mihi,
830 633 1105 682 referenda
1152 638 1298 684 venit
1335 635 1571 702 Synodus
1608 635 1700 684 Ni·
1740 605 1763 690 i

314 717 529 765 triensis
553 752 567 775 ,
616 730 772 779 qvam
807 730 942 762 anno
997 728 1136 777 1494.
1176 728 1556 765 convocaverat
1594 717 1701 764 An·
1740 685 1764 779 j

321 797 493 844 tonius
521 832 536 855 ,
593 796 754 861 ignoti
806 805 977 842 tamen
1030 797 1347 860 cognominis
1378 828 1394 853 ,
1447 795 1700 851 abanno
1747 777 1764 842 'i

325 891 472 936 1492.
511 891 672 939 usqve
719 887 859 933 1500.
898 877 1005 921 eius
1030 860 1296 921 Ecclesiae
1335 874 1577 931 Praesul;
1612 877 1701 938 qvi
1756 871 1764 921 3

320 953 579 1002 retinebat
617 953 770 1000 simul
809 953 1132 1000 Beneficium
1169 953 1564 1018 Praepositurae
1602 953 1700 1001 Po·

321 1035 571 1081 soniensis
612 1049 725 1079 cum
762 1030 963 1079 indultu
1001 1031 1206 1097 Papae3
1245 1043 1295 1080 at
1330 1031 1494 1080 solum
1531 1035 1706 1081 Electi
1758 1035 1765 1074 5

321 1118 565 1176 Episcopi
592 1128 783 1160 nomen
821 1113 1011 1177 gessit3
1048 1112 1106 1174 x)
1145 1113 1481 1178 praecipuam
1519 1128 1615 1177 per
1650 1108 1705 1159 id
1751 1111 1766 1169 J

297 1193 537 1241 ‘laudem
589 1202 935 1256 conseqvutus
967 1227 981 1249 ,
1035 1190 1173 1255 qvod
1207 1209 1233 1239 e
1270 1203 1394 1238 voto
1433 1193 1704 1257 Hungaro-
1749 1210 1761 1225 -·

324 1290 472 1331 rum,
510 1283 805 1337 susceptam
840 1271 1158 1336 legationem
1196 1271 1260 1318 ad
1297 1271 1602 1319 Pontificem
1631 1271 1701 1319 A·
1762 1330 1769 1334 ἱ

326 1350 635 1400 lexandrum
673 1351 759 1400 VI.
798 1361 853 1398 ut
892 1366 1066 1398 causas
1101 1350 1407 1408 Procerum,
1447 1367 1473 1398 a
1509 1353 1703 1415 nuptiis

324 1430 580 1480 Uladislai
619 1431 682 1479 ΙΙ.
722 1430 878 1496 Regis
917 1446 1033 1478 cum
1068 1428 1300 1477 Beatrice
1344 1428 1504 1477 vidua
1558 1430 1701 1477 Mat·
1763 1449 1768 1454 ’

321 1510 507 1569 thiae,
554 1512 761 1576 penitus
811 1508 1205 1558 abhorrentium
1256 1507 1426 1556 eidem
1474 1525 1700 1574 expone-

322 1601 438 1649 ret,
490 1606 547 1637 ac
596 1588 708 1637 illas
745 1586 1051 1653 adurgenti,
1105 1587 1260 1635 aliam
1317 1589 1518 1635 inderet
1554 1605 1702 1636 men·

323 1681 460 1718 tem:
497 1671 667 1734 reipsa
704 1684 883 1715 munus
920 1678 1217 1732 susceptum
1241 1667 1460 1715 obiverit
1488 1684 1704 1733 prospe·
1758 1696 1769 1712 ·.

325 1766 384 1798 ro
421 1765 536 1796 cum
573 1764 829 1796 successu,
860 1747 928 1812 y)
1005 1745 1201 1795 Auetus
1234 1763 1360 1794 vero
1400 1757 1473 1794 est
1499 1747 1571 1793 illi
1610 1745 1702 1793 ho·
1759 1775 1770 1788 ι

261 1891 265 1895 .
325 1844 452 1884 nor,
491 1825 632 1891 qvod
671 1843 870 1890 memor
905 1826 1176 1893 pastoralis
1213 1826 1404 1882 officii,
1439 1825 1701 1892 Synodum

330 1909 520 1973 egerit:
558 1905 640 1953 hic
680 1916 823 1953 tanto
861 1905 1096 1952 solertius
1126 1904 1496 1953 recensendam
1528 1907 1700 1970 singu-

329 1986 383 2036 la
416 2002 511 2051 per
547 1986 746 2050 capita,
784 1985 921 2049 qvod
957 1984 1210 2041 lacunae,
1252 2000 1381 2046 qvae
1420 1987 1471 2030 in
1510 1999 1609 2031 una
1648 1993 1701 2031 et
1778 2024 1779 2045 3

330 2065 492 2113 altera
518 2063 726 2130 Synodo
763 2074 1018 2128 nostrate,
1055 2073 1268 2128 propter
1294 2062 1580 2110 chartarum
1608 2080 1701 2113 ve-
1778 2054 1779 2085 ³

333 2153 576 2192 tustatem
611 2153 908 2201 occurrunt,
946 2159 1006 2190 ex
1045 2140 1154 2201 his,
1191 2141 1335 2189 velut
1370 2144 1580 2207 integris
1619 2157 1699 2189 ca-

1512 2232 1634 2286 pltl-

385 2365 436 2420 x)
469 2369 536 2409 Ex
557 2351 758 2408 conclus.
784 2365 1019 2407 articulor.
1049 2365 1151 2407 anni
1174 2376 1294 2417 1492.
1352 2365 1402 2419 y)
1434 2365 1556 2423 Lege
1582 2365 1703 2406 Boni:

439 2433 517 2481 fin,
547 2448 637 2474 rer.
666 2435 812 2490 Hung.
846 2434 1031 2475 decadis
1069 2435 1116 2476 V.
1160 2432 1281 2480 libro
1314 2433 1347 2475 Ι.
1386 2447 1491 2489 pag.
1522 2445 1616 2488 537.
1654 2441 1702 2473 et

438 2501 564 2542 libro
596 2504 644 2542 V.
677 2517 780 2557 pag.
817 2515 911 2556 574.
948 2502 1057 2543 edit.
1089 2501 1255 2542 Poson.
1290 2515 1376 2554 qva
1406 2510 1525 2544 utor.
1582 2501 1700 2543 Item

442 2570 617 2610 Ludov.
665 2571 926 2610 Tuberonis
953 2598 967 2618 ,
1008 2578 1308 2610 commentar.
1352 2570 1407 2609 de
1448 2569 1558 2612 reb(
1587 2581 1702 2620 qvae

439 2645 584 2689 temp.
616 2637 709 2678 eius
742 2647 825 2679 etc.
860 2646 1014 2694 gestae
1047 2645 1179 2689 sunt,
1222 2636 1345 2679 libro
1391 2638 1447 2681 ΙΙ.
1477 2632 1700 2691 Istvanffy

445 2703 527 2745 lib.
561 2706 616 2748 11.
649 2719 753 2761 pag.
787 2719 850 2760 23.
884 2705 992 2748 edit.
1025 2705 1215 2759 primae.
