<?xml version="1.0" encoding="UTF-8"?>
<!DOCTYPE html PUBLIC "-//W3C//DTD XHTML 1.0 Transitional//EN"
    "http://www.w3.org/TR/xhtml1/DTD/xhtml1-transitional.dtd">
<html xmlns="http://www.w3.org/1999/xhtml" xml:lang="en" lang="en">
 <head>
  <title>
</title>
<meta http-equiv="Content-Type" content="text/html;charset=utf-8" />
  <meta name='ocr-system' content='tesseract 3.04.00' />
  <meta name='ocr-capabilities' content='ocr_page ocr_carea ocr_par ocr_line ocrx_word'/>
</head>
<body>
  <div class='ocr_page' id='page_1' title='image "./synopsiscriticoh00szvouoft_0256.png"; bbox 0 0 1779 3128; ppageno 0'>
   <div class='ocr_carea' id='block_1_1' title="bbox 283 197 1062 255">
    <p class='ocr_par' dir='ltr' id='par_1_1' title="bbox 283 197 1062 255">
     <span class='ocr_line' id='line_1_1' title="bbox 283 197 1062 255; baseline -0.012 0"><span class='ocrx_word' id='word_1_1' title='bbox 283 201 378 255; x_wconf 72' lang='lat'>238</span> <span class='ocrx_word' id='word_1_2' title='bbox 878 197 1062 215; x_wconf 76' lang='lat'>.-....-....</span> 
     </span>
    </p>
   </div>
   <div class='ocr_carea' id='block_1_2' title="bbox 878 219 1062 229">
    <p class='ocr_par' dir='ltr' id='par_1_2' title="bbox 878 219 1062 229">
     <span class='ocr_line' id='line_1_2' title="bbox 878 219 1062 229; baseline 0 2899"><span class='ocrx_word' id='word_1_3' title='bbox 878 219 1062 229; x_wconf 95' lang='lat' dir='ltr'> </span> 
     </span>
    </p>
   </div>
   <div class='ocr_carea' id='block_1_3' title="bbox 286 309 1733 694">
    <p class='ocr_par' dir='ltr' id='par_1_3' title="bbox 286 309 1733 694">
     <span class='ocr_line' id='line_1_3' title="bbox 286 309 1653 376; baseline -0.004 -11"><span class='ocrx_word' id='word_1_4' title='bbox 286 320 340 365; x_wconf 92' lang='lat' dir='ltr'>in</span> <span class='ocrx_word' id='word_1_5' title='bbox 380 315 619 363; x_wconf 87' lang='lat' dir='ltr'>Dioecesi</span> <span class='ocrx_word' id='word_1_6' title='bbox 667 309 996 376; x_wconf 76' lang='lat' dir='ltr'>strigoniensi</span> <span class='ocrx_word' id='word_1_7' title='bbox 1048 321 1320 370; x_wconf 81' lang='lat' dir='ltr'>tenentes,</span> <span class='ocrx_word' id='word_1_8' title='bbox 1377 312 1509 359; x_wconf 87' lang='lat' dir='ltr'>intra</span> <span class='ocrx_word' id='word_1_9' title='bbox 1565 314 1653 360; x_wconf 87' lang='lat' dir='ltr'>tri·</span> 
     </span>
     <span class='ocr_line' id='line_1_4' title="bbox 286 391 1705 450; baseline -0.002 -7"><span class='ocrx_word' id='word_1_10' title='bbox 286 406 475 445; x_wconf 75' lang='lat' dir='ltr'>mestre</span> <span class='ocrx_word' id='word_1_11' title='bbox 510 429 525 450; x_wconf 94' lang='lat'>,</span> <span class='ocrx_word' id='word_1_12' title='bbox 577 391 889 440; x_wconf 87' lang='lat' dir='ltr'>beneficium</span> <span class='ocrx_word' id='word_1_13' title='bbox 925 393 1324 439; x_wconf 89' lang='lat' dir='ltr'>consecrationis</span> <span class='ocrx_word' id='word_1_14' title='bbox 1361 392 1657 440; x_wconf 81' lang='lat' dir='ltr'>adnitantur</span> <span class='ocrx_word' id='word_1_15' title='bbox 1704 411 1705 414; x_wconf 46' lang='lat'>¹</span> 
     </span>
     <span class='ocr_line' id='line_1_5' title="bbox 286 469 1658 535; baseline -0.003 -13"><span class='ocrx_word' id='word_1_16' title='bbox 286 475 543 522; x_wconf 86' lang='lat' dir='ltr'>obtinere.</span> <span class='ocrx_word' id='word_1_17' title='bbox 619 470 721 535; x_wconf 80' lang='lat' dir='ltr'>Qvi</span> <span class='ocrx_word' id='word_1_18' title='bbox 757 486 882 517; x_wconf 85' lang='lat' dir='ltr'>vero</span> <span class='ocrx_word' id='word_1_19' title='bbox 921 486 982 516; x_wconf 86' lang='lat' dir='ltr'>ex</span> <span class='ocrx_word' id='word_1_20' title='bbox 1016 469 1090 518; x_wconf 91' lang='lat' dir='ltr'>his</span> <span class='ocrx_word' id='word_1_21' title='bbox 1130 469 1437 519; x_wconf 81' lang='lat' dir='ltr'>Canonicale</span> <span class='ocrx_word' id='word_1_22' title='bbox 1476 481 1658 519; x_wconf 88' lang='lat' dir='ltr'>tenent</span> 
     </span>
     <span class='ocr_line' id='line_1_6' title="bbox 286 546 1721 615; baseline -0.003 -14"><span class='ocrx_word' id='word_1_23' title='bbox 286 551 645 608; x_wconf 82' lang='lat' dir='ltr'>Beneficium,</span> <span class='ocrx_word' id='word_1_24' title='bbox 691 551 743 597; x_wconf 92' lang='lat' dir='ltr'>in</span> <span class='ocrx_word' id='word_1_25' title='bbox 801 546 956 596; x_wconf 86' lang='lat' dir='ltr'>choro</span> <span class='ocrx_word' id='word_1_26' title='bbox 1006 549 1174 597; x_wconf 88' lang='lat' dir='ltr'>locum</span> <span class='ocrx_word' id='word_1_27' title='bbox 1213 550 1309 597; x_wconf 86' lang='lat' dir='ltr'>sibi</span> <span class='ocrx_word' id='word_1_28' title='bbox 1346 552 1657 615; x_wconf 82' lang='lat' dir='ltr'>assignatum</span> <span class='ocrx_word' id='word_1_29' title='bbox 1700 579 1721 602; x_wconf 56' lang='lat'>12</span> 
     </span>
     <span class='ocr_line' id='line_1_7' title="bbox 286 618 1733 694; baseline -0.002 -15"><span class='ocrx_word' id='word_1_30' title='bbox 286 640 577 694; x_wconf 83' lang='lat' dir='ltr'>occupent3</span> <span class='ocrx_word' id='word_1_31' title='bbox 614 644 782 691; x_wconf 86' lang='lat' dir='ltr'>neqve</span> <span class='ocrx_word' id='word_1_32' title='bbox 821 645 847 675; x_wconf 84' lang='lat' dir='ltr'>a</span> <span class='ocrx_word' id='word_1_33' title='bbox 882 630 1064 676; x_wconf 90' lang='lat' dir='ltr'>ceteris</span> <span class='ocrx_word' id='word_1_34' title='bbox 1103 630 1387 693; x_wconf 80' lang='lat' dir='ltr'>segregati,</span> <span class='ocrx_word' id='word_1_35' title='bbox 1426 630 1511 677; x_wconf 89' lang='lat' dir='ltr'>vel</span> <span class='ocrx_word' id='word_1_36' title='bbox 1546 632 1655 676; x_wconf 89' lang='lat' dir='ltr'>sine</span> <span class='ocrx_word' id='word_1_37' title='bbox 1705 618 1733 670; x_wconf 48' lang='lat' dir='ltr'>f*</span> 
     </span>
    </p>
   </div>
   <div class='ocr_carea' id='block_1_4' title="bbox 286 701 1733 772">
    <p class='ocr_par' dir='ltr' id='par_1_4' title="bbox 286 701 1733 772">
     <span class='ocr_line' id='line_1_8' title="bbox 286 701 1733 772; baseline -0.001 -14"><span class='ocrx_word' id='word_1_38' title='bbox 286 708 530 768; x_wconf 78' lang='lat' dir='ltr'>rocheto,</span> <span class='ocrx_word' id='word_1_39' title='bbox 570 719 620 756; x_wconf 90' lang='lat' dir='ltr'>et</span> <span class='ocrx_word' id='word_1_40' title='bbox 655 709 908 772; x_wconf 86' lang='lat' dir='ltr'>capucio,</span> <span class='ocrx_word' id='word_1_41' title='bbox 948 706 1154 752; x_wconf 87' lang='lat' dir='ltr'>Divinis</span> <span class='ocrx_word' id='word_1_42' title='bbox 1183 705 1365 752; x_wconf 82' lang='lat' dir='ltr'>officiis</span> <span class='ocrx_word' id='word_1_43' title='bbox 1403 710 1657 762; x_wconf 77' lang='lat' dir='ltr'>assistant.</span> <span class='ocrx_word' id='word_1_44' title='bbox 1712 701 1733 738; x_wconf 64' lang='lat' dir='ltr'>st</span> 
     </span>
    </p>
   </div>
   <div class='ocr_carea' id='block_1_5' title="bbox 283 784 1745 1956">
    <p class='ocr_par' dir='ltr' id='par_1_5' title="bbox 283 784 1745 1956">
     <span class='ocr_line' id='line_1_9' title="bbox 289 784 1745 854; baseline -0.002 -18"><span class='ocrx_word' id='word_1_45' title='bbox 289 790 406 854; x_wconf 76' lang='lat' dir='ltr'>Qvo</span> <span class='ocrx_word' id='word_1_46' title='bbox 442 787 523 836; x_wconf 91' lang='lat' dir='ltr'>die</span> <span class='ocrx_word' id='word_1_47' title='bbox 546 826 560 847; x_wconf 88' lang='lat'>,</span> <span class='ocrx_word' id='word_1_48' title='bbox 595 791 646 835; x_wconf 90' lang='lat' dir='ltr'>in</span> <span class='ocrx_word' id='word_1_49' title='bbox 684 789 928 852; x_wconf 87' lang='lat' dir='ltr'>qvopiam</span> <span class='ocrx_word' id='word_1_50' title='bbox 970 785 1116 832; x_wconf 90' lang='lat' dir='ltr'>altari</span> <span class='ocrx_word' id='word_1_51' title='bbox 1155 784 1442 849; x_wconf 84' lang='lat' dir='ltr'>Episcopus</span> <span class='ocrx_word' id='word_1_52' title='bbox 1477 802 1657 833; x_wconf 88' lang='lat' dir='ltr'>conse-</span> <span class='ocrx_word' id='word_1_53' title='bbox 1726 833 1745 846; x_wconf 62' lang='grc'>,</span> 
     </span>
     <span class='ocr_line' id='line_1_10' title="bbox 283 863 1660 921; baseline -0.004 -5"><span class='ocrx_word' id='word_1_54' title='bbox 283 880 452 917; x_wconf 88' lang='lat' dir='ltr'>cratus</span> <span class='ocrx_word' id='word_1_55' title='bbox 490 870 698 914; x_wconf 88' lang='lat' dir='ltr'>missam</span> <span class='ocrx_word' id='word_1_56' title='bbox 739 864 1044 921; x_wconf 82' lang='lat' dir='ltr'>celebravit,</span> <span class='ocrx_word' id='word_1_57' title='bbox 1098 864 1281 910; x_wconf 83' lang='lat' dir='ltr'>eodem</span> <span class='ocrx_word' id='word_1_58' title='bbox 1319 863 1448 910; x_wconf 84' lang='lat' dir='ltr'>alter</span> <span class='ocrx_word' id='word_1_59' title='bbox 1486 864 1558 911; x_wconf 90' lang='lat' dir='ltr'>ibi</span> <span class='ocrx_word' id='word_1_60' title='bbox 1594 867 1660 911; x_wconf 86' lang='lat' dir='ltr'>si-</span> 
     </span>
     <span class='ocr_line' id='line_1_11' title="bbox 286 941 1659 996; baseline -0.004 0"><span class='ocrx_word' id='word_1_61' title='bbox 286 965 352 996; x_wconf 88' lang='lat' dir='ltr'>ne</span> <span class='ocrx_word' id='word_1_62' title='bbox 399 946 605 994; x_wconf 84' lang='lat' dir='ltr'>indultu</span> <span class='ocrx_word' id='word_1_63' title='bbox 645 943 901 992; x_wconf 87' lang='lat' dir='ltr'>Ordinarii</span> <span class='ocrx_word' id='word_1_64' title='bbox 956 960 1019 990; x_wconf 88' lang='lat' dir='ltr'>ne</span> <span class='ocrx_word' id='word_1_65' title='bbox 1055 941 1299 990; x_wconf 87' lang='lat' dir='ltr'>celebret.</span> <span class='ocrx_word' id='word_1_66' title='bbox 1387 941 1524 989; x_wconf 88' lang='lat' dir='ltr'>Dum</span> <span class='ocrx_word' id='word_1_67' title='bbox 1561 943 1659 990; x_wconf 83' lang='lat' dir='ltr'>Ar-</span> 
     </span>
     <span class='ocr_line' id='line_1_12' title="bbox 290 1019 1659 1091; baseline -0.004 -17"><span class='ocrx_word' id='word_1_68' title='bbox 290 1026 645 1091; x_wconf 88' lang='lat' dir='ltr'>chiepiscopus</span> <span class='ocrx_word' id='word_1_69' title='bbox 683 1025 893 1071; x_wconf 86' lang='lat' dir='ltr'>interest</span> <span class='ocrx_word' id='word_1_70' title='bbox 930 1023 1122 1070; x_wconf 89' lang='lat' dir='ltr'>Missae</span> <span class='ocrx_word' id='word_1_71' title='bbox 1161 1022 1377 1069; x_wconf 76' lang='lat' dir='ltr'>solemni</span> <span class='ocrx_word' id='word_1_72' title='bbox 1427 1024 1475 1068; x_wconf 90' lang='lat' dir='ltr'>in</span> <span class='ocrx_word' id='word_1_73' title='bbox 1514 1019 1659 1069; x_wconf 87' lang='lat' dir='ltr'>habi-</span> 
     </span>
     <span class='ocr_line' id='line_1_13' title="bbox 286 1096 1721 1163; baseline -0.006 -9"><span class='ocrx_word' id='word_1_74' title='bbox 286 1117 375 1163; x_wconf 82' lang='lat' dir='ltr'>tu,</span> <span class='ocrx_word' id='word_1_75' title='bbox 414 1103 694 1162; x_wconf 86' lang='lat' dir='ltr'>Canonici,</span> <span class='ocrx_word' id='word_1_76' title='bbox 749 1102 813 1149; x_wconf 90' lang='lat' dir='ltr'>ad</span> <span class='ocrx_word' id='word_1_77' title='bbox 859 1100 991 1149; x_wconf 91' lang='lat' dir='ltr'>hunc</span> <span class='ocrx_word' id='word_1_78' title='bbox 1044 1099 1348 1149; x_wconf 86' lang='lat' dir='ltr'>accedentes</span> <span class='ocrx_word' id='word_1_79' title='bbox 1383 1136 1398 1158; x_wconf 85' lang='lat'>,</span> <span class='ocrx_word' id='word_1_80' title='bbox 1456 1099 1659 1158; x_wconf 78' lang='lat' dir='ltr'>Gloria,</span> <span class='ocrx_word' id='word_1_81' title='bbox 1710 1096 1721 1146; x_wconf 68' lang='lat' dir='ltr'>&#39;J</span> 
     </span>
     <span class='ocr_line' id='line_1_14' title="bbox 290 1180 1661 1244; baseline -0.004 -13"><span class='ocrx_word' id='word_1_82' title='bbox 290 1182 491 1241; x_wconf 82' lang='lat' dir='ltr'>Credo,</span> <span class='ocrx_word' id='word_1_83' title='bbox 530 1183 775 1240; x_wconf 80' lang='lat' dir='ltr'>Sanctus,</span> <span class='ocrx_word' id='word_1_84' title='bbox 815 1192 863 1229; x_wconf 88' lang='lat' dir='ltr'>et</span> <span class='ocrx_word' id='word_1_85' title='bbox 901 1181 1077 1244; x_wconf 76' lang='lat' dir='ltr'>Agnus</span> <span class='ocrx_word' id='word_1_86' title='bbox 1116 1180 1218 1227; x_wconf 89' lang='lat' dir='ltr'>Dei</span> <span class='ocrx_word' id='word_1_87' title='bbox 1243 1216 1257 1238; x_wconf 86' lang='lat'>,</span> <span class='ocrx_word' id='word_1_88' title='bbox 1297 1183 1509 1227; x_wconf 86' lang='lat' dir='ltr'>recitare</span> <span class='ocrx_word' id='word_1_89' title='bbox 1541 1196 1661 1227; x_wconf 89' lang='lat' dir='ltr'>cum</span> 
     </span>
     <span class='ocr_line' id='line_1_15' title="bbox 287 1257 1659 1325; baseline -0.005 -14"><span class='ocrx_word' id='word_1_90' title='bbox 287 1263 379 1312; x_wconf 90' lang='lat' dir='ltr'>illo</span> <span class='ocrx_word' id='word_1_91' title='bbox 420 1262 626 1310; x_wconf 84' lang='lat' dir='ltr'>debent.</span> <span class='ocrx_word' id='word_1_92' title='bbox 699 1277 744 1317; x_wconf 71' lang='lat'>4.</span> <span class='ocrx_word' id='word_1_93' title='bbox 782 1260 1136 1325; x_wconf 79' lang='lat' dir='ltr'>Indulgentiae</span> <span class='ocrx_word' id='word_1_94' title='bbox 1173 1275 1272 1307; x_wconf 91' lang='lat' dir='ltr'>non</span> <span class='ocrx_word' id='word_1_95' title='bbox 1311 1261 1451 1324; x_wconf 87' lang='lat' dir='ltr'>prius</span> <span class='ocrx_word' id='word_1_96' title='bbox 1486 1257 1659 1323; x_wconf 88' lang='lat' dir='ltr'>publi·</span> 
     </span>
     <span class='ocr_line' id='line_1_16' title="bbox 289 1319 1728 1403; baseline -0.005 -12"><span class='ocrx_word' id='word_1_97' title='bbox 289 1354 470 1391; x_wconf 83' lang='lat' dir='ltr'>centur</span> <span class='ocrx_word' id='word_1_98' title='bbox 501 1357 773 1389; x_wconf 83' lang='lat' dir='ltr'>concessae</span> <span class='ocrx_word' id='word_1_99' title='bbox 806 1339 1006 1397; x_wconf 82' lang='lat' dir='ltr'>Roma,</span> <span class='ocrx_word' id='word_1_100' title='bbox 1046 1355 1199 1402; x_wconf 87' lang='lat' dir='ltr'>qvam</span> <span class='ocrx_word' id='word_1_101' title='bbox 1227 1337 1366 1403; x_wconf 88' lang='lat' dir='ltr'>apud</span> <span class='ocrx_word' id='word_1_102' title='bbox 1393 1337 1659 1385; x_wconf 73' lang='lat' dir='ltr'>vicarium</span> <span class='ocrx_word' id='word_1_103' title='bbox 1715 1319 1728 1387; x_wconf 17' lang='grc' dir='ltr'>,ἱ</span> 
     </span>
     <span class='ocr_line' id='line_1_17' title="bbox 291 1414 1726 1484; baseline -0.006 -13"><span class='ocrx_word' id='word_1_104' title='bbox 291 1425 514 1471; x_wconf 79' lang='lat' dir='ltr'>insertae</span> <span class='ocrx_word' id='word_1_105' title='bbox 562 1419 739 1479; x_wconf 81' lang='lat' dir='ltr'>libro,</span> <span class='ocrx_word' id='word_1_106' title='bbox 805 1436 900 1484; x_wconf 90' lang='lat' dir='ltr'>per</span> <span class='ocrx_word' id='word_1_107' title='bbox 962 1416 1286 1466; x_wconf 85' lang='lat' dir='ltr'>Ordinarium</span> <span class='ocrx_word' id='word_1_108' title='bbox 1339 1414 1661 1483; x_wconf 85' lang='lat' dir='ltr'>promulgari</span> <span class='ocrx_word' id='word_1_109' title='bbox 1724 1430 1726 1434; x_wconf 69' lang='grc'><strong>“</strong></span> 
     </span>
     <span class='ocr_line' id='line_1_18' title="bbox 291 1492 1660 1569; baseline -0.008 -19"><span class='ocrx_word' id='word_1_110' title='bbox 291 1502 670 1569; x_wconf 84' lang='lat' dir='ltr'>permittantur.</span> <span class='ocrx_word' id='word_1_111' title='bbox 758 1496 974 1546; x_wconf 82' lang='lat' dir='ltr'>Parochi</span> <span class='ocrx_word' id='word_1_112' title='bbox 1010 1513 1135 1544; x_wconf 84' lang='lat' dir='ltr'>vero</span> <span class='ocrx_word' id='word_1_113' title='bbox 1174 1494 1427 1553; x_wconf 78' lang='lat' dir='ltr'>doceant,</span> <span class='ocrx_word' id='word_1_114' title='bbox 1486 1492 1660 1540; x_wconf 90' lang='lat' dir='ltr'>Indul-</span> 
     </span>
     <span class='ocr_line' id='line_1_19' title="bbox 291 1571 1661 1645; baseline -0.006 -18"><span class='ocrx_word' id='word_1_115' title='bbox 291 1582 487 1645; x_wconf 87' lang='lat' dir='ltr'>gentias</span> <span class='ocrx_word' id='word_1_116' title='bbox 512 1616 526 1637; x_wconf 90' lang='lat'>,</span> <span class='ocrx_word' id='word_1_117' title='bbox 578 1582 628 1626; x_wconf 84' lang='lat' dir='ltr'>in</span> <span class='ocrx_word' id='word_1_118' title='bbox 661 1581 886 1645; x_wconf 82' lang='lat' dir='ltr'>peccatis</span> <span class='ocrx_word' id='word_1_119' title='bbox 921 1575 1330 1624; x_wconf 84' lang='lat' dir='ltr'>sordescentibus</span> <span class='ocrx_word' id='word_1_120' title='bbox 1368 1571 1504 1622; x_wconf 89' lang='lat' dir='ltr'>haud</span> <span class='ocrx_word' id='word_1_121' title='bbox 1541 1588 1661 1639; x_wconf 80' lang='lat' dir='ltr'>pro-</span> 
     </span>
     <span class='ocr_line' id='line_1_20' title="bbox 292 1655 1658 1715; baseline -0.006 -9"><span class='ocrx_word' id='word_1_122' title='bbox 292 1657 456 1707; x_wconf 83' lang='lat' dir='ltr'>desse.</span> <span class='ocrx_word' id='word_1_123' title='bbox 530 1655 829 1705; x_wconf 80' lang='lat' dir='ltr'>Cavendum</span> <span class='ocrx_word' id='word_1_124' title='bbox 869 1659 1058 1713; x_wconf 82' lang='lat' dir='ltr'>etiam,</span> <span class='ocrx_word' id='word_1_125' title='bbox 1096 1658 1160 1701; x_wconf 87' lang='lat' dir='ltr'>ne</span> <span class='ocrx_word' id='word_1_126' title='bbox 1199 1656 1484 1709; x_wconf 82' lang='lat' dir='ltr'>avaritiae,</span> <span class='ocrx_word' id='word_1_127' title='bbox 1533 1668 1658 1715; x_wconf 87' lang='lat' dir='ltr'>qve·</span> 
     </span>
     <span class='ocr_line' id='line_1_21' title="bbox 289 1729 1654 1797; baseline -0.006 -12"><span class='ocrx_word' id='word_1_128' title='bbox 289 1740 418 1797; x_wconf 86' lang='lat' dir='ltr'>stui,</span> <span class='ocrx_word' id='word_1_129' title='bbox 459 1747 546 1784; x_wconf 90' lang='lat' dir='ltr'>aut</span> <span class='ocrx_word' id='word_1_130' title='bbox 584 1736 818 1784; x_wconf 82' lang='lat' dir='ltr'>ebrietati</span> <span class='ocrx_word' id='word_1_131' title='bbox 856 1733 977 1781; x_wconf 89' lang='lat' dir='ltr'>dent</span> <span class='ocrx_word' id='word_1_132' title='bbox 1019 1735 1339 1782; x_wconf 85' lang='lat' dir='ltr'>occasionem</span> <span class='ocrx_word' id='word_1_133' title='bbox 1382 1729 1654 1795; x_wconf 87' lang='lat' dir='ltr'>Indulgen-</span> 
     </span>
     <span class='ocr_line' id='line_1_22' title="bbox 290 1809 1657 1880; baseline -0.007 -15"><span class='ocrx_word' id='word_1_134' title='bbox 290 1818 412 1865; x_wconf 87' lang='lat' dir='ltr'>tiae.</span> <span class='ocrx_word' id='word_1_135' title='bbox 485 1816 658 1880; x_wconf 78' lang='lat' dir='ltr'>Qvare</span> <span class='ocrx_word' id='word_1_136' title='bbox 695 1814 1016 1872; x_wconf 74' lang='lat' dir='ltr'>cavendum,</span> <span class='ocrx_word' id='word_1_137' title='bbox 1066 1831 1130 1861; x_wconf 90' lang='lat' dir='ltr'>ne</span> <span class='ocrx_word' id='word_1_138' title='bbox 1167 1815 1218 1859; x_wconf 90' lang='lat' dir='ltr'>in</span> <span class='ocrx_word' id='word_1_139' title='bbox 1250 1813 1366 1859; x_wconf 84' lang='lat' dir='ltr'>loco</span> <span class='ocrx_word' id='word_1_140' title='bbox 1402 1809 1657 1858; x_wconf 86' lang='lat' dir='ltr'>Ecclesiae</span> 
     </span>
     <span class='ocr_line' id='line_1_23' title="bbox 290 1889 1658 1956; baseline -0.005 -14"><span class='ocrx_word' id='word_1_141' title='bbox 290 1897 466 1942; x_wconf 87' lang='lat' dir='ltr'>vicino</span> <span class='ocrx_word' id='word_1_142' title='bbox 505 1903 788 1956; x_wconf 85' lang='lat' dir='ltr'>coqvatur‚</span> <span class='ocrx_word' id='word_1_143' title='bbox 843 1895 1022 1940; x_wconf 89' lang='lat' dir='ltr'>vinum</span> <span class='ocrx_word' id='word_1_144' title='bbox 1062 1893 1154 1941; x_wconf 90' lang='lat' dir='ltr'>sub</span> <span class='ocrx_word' id='word_1_145' title='bbox 1189 1889 1380 1938; x_wconf 84' lang='lat' dir='ltr'>hedera</span> <span class='ocrx_word' id='word_1_146' title='bbox 1414 1898 1658 1946; x_wconf 83' lang='lat' dir='ltr'>vaeneat,</span> 
     </span>
    </p>
   </div>
   <div class='ocr_carea' id='block_1_6' title="bbox 291 1961 1753 2032">
    <p class='ocr_par' dir='ltr' id='par_1_6' title="bbox 291 1961 1753 2032">
     <span class='ocr_line' id='line_1_24' title="bbox 291 1961 1753 2032; baseline -0.007 -10"><span class='ocrx_word' id='word_1_147' title='bbox 291 1973 470 2032; x_wconf 86' lang='lat' dir='ltr'>saltus,</span> <span class='ocrx_word' id='word_1_148' title='bbox 505 1988 560 2019; x_wconf 88' lang='lat' dir='ltr'>ac</span> <span class='ocrx_word' id='word_1_149' title='bbox 587 1972 717 2019; x_wconf 86' lang='lat' dir='ltr'>aliae</span> <span class='ocrx_word' id='word_1_150' title='bbox 744 1972 982 2019; x_wconf 85' lang='lat' dir='ltr'>levitates</span> <span class='ocrx_word' id='word_1_151' title='bbox 1016 1980 1365 2018; x_wconf 84' lang='lat' dir='ltr'>exerceantur.</span> <span class='ocrx_word' id='word_1_152' title='bbox 1435 1983 1481 2026; x_wconf 78' lang='lat'>5.</span> <span class='ocrx_word' id='word_1_153' title='bbox 1521 1966 1659 2014; x_wconf 91' lang='lat' dir='ltr'>Con·</span> <span class='ocrx_word' id='word_1_154' title='bbox 1715 1988 1719 1990; x_wconf 44' lang='lat'><em>*</em></span> <span class='ocrx_word' id='word_1_155' title='bbox 1752 1961 1753 1967; x_wconf 38' lang='lat'>¹</span> 
     </span>
    </p>
   </div>
   <div class='ocr_carea' id='block_1_7' title="bbox 290 2045 1660 2668">
    <p class='ocr_par' dir='ltr' id='par_1_7' title="bbox 290 2045 1660 2668">
     <span class='ocr_line' id='line_1_25' title="bbox 291 2045 1658 2102; baseline -0.005 -2"><span class='ocrx_word' id='word_1_156' title='bbox 291 2050 530 2102; x_wconf 88' lang='lat' dir='ltr'>cionandi</span> <span class='ocrx_word' id='word_1_157' title='bbox 565 2067 749 2098; x_wconf 89' lang='lat' dir='ltr'>munus</span> <span class='ocrx_word' id='word_1_158' title='bbox 792 2051 945 2098; x_wconf 88' lang='lat' dir='ltr'>etiam</span> <span class='ocrx_word' id='word_1_159' title='bbox 984 2048 1224 2097; x_wconf 89' lang='lat' dir='ltr'>Canonici</span> <span class='ocrx_word' id='word_1_160' title='bbox 1278 2045 1478 2095; x_wconf 88' lang='lat' dir='ltr'>assidue</span> <span class='ocrx_word' id='word_1_161' title='bbox 1516 2063 1658 2095; x_wconf 85' lang='lat' dir='ltr'>exer-</span> 
     </span>
     <span class='ocr_line' id='line_1_26' title="bbox 290 2121 1658 2195; baseline -0.006 -16"><span class='ocrx_word' id='word_1_162' title='bbox 290 2142 482 2191; x_wconf 75' lang='lat' dir='ltr'>ceant,</span> <span class='ocrx_word' id='word_1_163' title='bbox 521 2128 728 2194; x_wconf 89' lang='lat' dir='ltr'>qvando</span> <span class='ocrx_word' id='word_1_164' title='bbox 773 2130 1081 2195; x_wconf 77' lang='lat' dir='ltr'>praemoniti</span> <span class='ocrx_word' id='word_1_165' title='bbox 1132 2121 1323 2174; x_wconf 73' lang='lat' dir='ltr'>fuerint</span> <span class='ocrx_word' id='word_1_166' title='bbox 1369 2143 1462 2193; x_wconf 88' lang='lat' dir='ltr'>per</span> <span class='ocrx_word' id='word_1_167' title='bbox 1507 2142 1658 2190; x_wconf 90' lang='lat' dir='ltr'>supe-</span> 
     </span>
     <span class='ocr_line' id='line_1_27' title="bbox 291 2207 1660 2273; baseline -0.005 -16"><span class='ocrx_word' id='word_1_168' title='bbox 291 2213 470 2259; x_wconf 88' lang='lat' dir='ltr'>riores.</span> <span class='ocrx_word' id='word_1_169' title='bbox 543 2209 745 2268; x_wconf 80' lang='lat' dir='ltr'>Nemo,</span> <span class='ocrx_word' id='word_1_170' title='bbox 786 2211 941 2256; x_wconf 79' lang='lat' dir='ltr'>etiam</span> <span class='ocrx_word' id='word_1_171' title='bbox 973 2207 1279 2273; x_wconf 80' lang='lat' dir='ltr'>Regularis,</span> <span class='ocrx_word' id='word_1_172' title='bbox 1333 2221 1435 2252; x_wconf 90' lang='lat' dir='ltr'>non</span> <span class='ocrx_word' id='word_1_173' title='bbox 1473 2207 1660 2251; x_wconf 86' lang='lat' dir='ltr'>emissa</span> 
     </span>
     <span class='ocr_line' id='line_1_28' title="bbox 294 2282 1659 2355; baseline -0.005 -20"><span class='ocrx_word' id='word_1_174' title='bbox 294 2287 419 2336; x_wconf 86' lang='lat' dir='ltr'>fidei</span> <span class='ocrx_word' id='word_1_175' title='bbox 453 2288 810 2355; x_wconf 86' lang='lat' dir='ltr'>professione,</span> <span class='ocrx_word' id='word_1_176' title='bbox 867 2288 932 2335; x_wconf 85' lang='lat' dir='ltr'>ad</span> <span class='ocrx_word' id='word_1_177' title='bbox 986 2285 1233 2352; x_wconf 84' lang='lat' dir='ltr'>populum</span> <span class='ocrx_word' id='word_1_178' title='bbox 1271 2286 1421 2332; x_wconf 84' lang='lat' dir='ltr'>dicat.</span> <span class='ocrx_word' id='word_1_179' title='bbox 1515 2282 1659 2329; x_wconf 90' lang='lat' dir='ltr'>Reli-</span> 
     </span>
     <span class='ocr_line' id='line_1_29' title="bbox 302 2360 1660 2433; baseline -0.004 -19"><span class='ocrx_word' id='word_1_180' title='bbox 302 2369 473 2432; x_wconf 85' lang='lat' dir='ltr'>giosus</span> <span class='ocrx_word' id='word_1_181' title='bbox 512 2367 721 2415; x_wconf 86' lang='lat' dir='ltr'>obtenta</span> <span class='ocrx_word' id='word_1_182' title='bbox 759 2369 898 2433; x_wconf 91' lang='lat' dir='ltr'>prius</span> <span class='ocrx_word' id='word_1_183' title='bbox 932 2363 1289 2414; x_wconf 87' lang='lat' dir='ltr'>benedictione</span> <span class='ocrx_word' id='word_1_184' title='bbox 1334 2363 1395 2410; x_wconf 89' lang='lat' dir='ltr'>ab</span> <span class='ocrx_word' id='word_1_185' title='bbox 1436 2360 1660 2409; x_wconf 87' lang='lat' dir='ltr'>Ordina-</span> 
     </span>
     <span class='ocr_line' id='line_1_30' title="bbox 295 2441 1659 2510; baseline -0.004 -18"><span class='ocrx_word' id='word_1_186' title='bbox 295 2448 407 2502; x_wconf 84' lang='lat' dir='ltr'>rio,</span> <span class='ocrx_word' id='word_1_187' title='bbox 446 2449 792 2495; x_wconf 90' lang='lat' dir='ltr'>concionetur.</span> <span class='ocrx_word' id='word_1_188' title='bbox 879 2445 989 2510; x_wconf 76' lang='lat' dir='ltr'>Qva</span> <span class='ocrx_word' id='word_1_189' title='bbox 1033 2443 1158 2490; x_wconf 87' lang='lat' dir='ltr'>hora</span> <span class='ocrx_word' id='word_1_190' title='bbox 1196 2441 1320 2489; x_wconf 89' lang='lat' dir='ltr'>dicit</span> <span class='ocrx_word' id='word_1_191' title='bbox 1368 2457 1659 2488; x_wconf 88' lang='lat' dir='ltr'>sermonem</span> 
     </span>
     <span class='ocr_line' id='line_1_31' title="bbox 295 2519 1659 2590; baseline -0.004 -18"><span class='ocrx_word' id='word_1_192' title='bbox 295 2525 502 2572; x_wconf 88' lang='lat' dir='ltr'>Sacrum</span> <span class='ocrx_word' id='word_1_193' title='bbox 549 2524 869 2590; x_wconf 81' lang='lat' dir='ltr'>Episcopus,</span> <span class='ocrx_word' id='word_1_194' title='bbox 920 2523 1042 2580; x_wconf 87' lang='lat' dir='ltr'>illa,</span> <span class='ocrx_word' id='word_1_195' title='bbox 1080 2538 1233 2581; x_wconf 85' lang='lat' dir='ltr'>nemo</span> <span class='ocrx_word' id='word_1_196' title='bbox 1273 2524 1322 2568; x_wconf 91' lang='lat' dir='ltr'>in</span> <span class='ocrx_word' id='word_1_197' title='bbox 1363 2519 1546 2568; x_wconf 86' lang='lat' dir='ltr'>eodem</span> <span class='ocrx_word' id='word_1_198' title='bbox 1583 2519 1659 2566; x_wconf 93' lang='lat' dir='ltr'>lo-</span> 
     </span>
     <span class='ocr_line' id='line_1_32' title="bbox 296 2600 1659 2668; baseline -0.007 -16"><span class='ocrx_word' id='word_1_199' title='bbox 296 2619 390 2661; x_wconf 69' lang='lat' dir='ltr'>eo,</span> <span class='ocrx_word' id='word_1_200' title='bbox 424 2602 520 2651; x_wconf 85' lang='lat' dir='ltr'>hoe</span> <span class='ocrx_word' id='word_1_201' title='bbox 558 2619 769 2651; x_wconf 88' lang='lat' dir='ltr'>munere</span> <span class='ocrx_word' id='word_1_202' title='bbox 807 2601 1152 2668; x_wconf 81' lang='lat' dir='ltr'>defungatur,</span> <span class='ocrx_word' id='word_1_203' title='bbox 1195 2612 1399 2667; x_wconf 89' lang='lat' dir='ltr'>praeter</span> <span class='ocrx_word' id='word_1_204' title='bbox 1438 2602 1546 2648; x_wconf 87' lang='lat' dir='ltr'>eius</span> <span class='ocrx_word' id='word_1_205' title='bbox 1582 2600 1659 2644; x_wconf 88' lang='lat' dir='ltr'>in-</span> 
     </span>
    </p>
   </div>
   <div class='ocr_carea' id='block_1_8' title="bbox 1481 2676 1593 2725">
    <p class='ocr_par' dir='ltr' id='par_1_8' title="bbox 1481 2676 1593 2725">
     <span class='ocr_line' id='line_1_33' title="bbox 1481 2676 1593 2725; baseline -0.009 0"><span class='ocrx_word' id='word_1_206' title='bbox 1481 2676 1593 2725; x_wconf 84' lang='lat' dir='ltr'>dul-</span> 
     </span>
    </p>
   </div>
   <div class='ocr_carea' id='block_1_9' title="bbox 1719 0 1779 3128">
    <p class='ocr_par' dir='ltr' id='par_1_9' title="bbox 1719 0 1779 3128">
     <span class='ocr_line' id='line_1_34' title="bbox 1719 0 1779 3128; baseline 0 0"><span class='ocrx_word' id='word_1_207' title='bbox 1719 0 1779 3128; x_wconf 95' lang='lat' dir='ltr'> </span> 
     </span>
    </p>
   </div>
  </div>
 </body>
</html>
