1811 3128
284 203 316 257 g
878 212 1065 229 -..

283 321 590 382 nominavi,
639 318 984 376 celebrandae
1011 320 1269 388 asynode,
1320 317 1460 370 haud
1495 331 1654 389 potu*

282 403 384 450 erit
416 402 653 467 reperiri.
686 400 747 463 x)

863 528 915 600 ς.
982 531 1070 585 1v.

735 649 891 709 Eius
934 651 1196 711 decreta.

416 791 612 862 Synodi
664 798 771 844 eius
816 797 1053 857 decreta,
1103 815 1165 845 ex
1216 798 1384 846 citatis
1424 807 1652 861 qvatuor·

280 867 597 922 editionibus
634 877 859 924 invicem
888 876 1223 934 combinatis,
1257 876 1642 943 paraphrastice

278 953 604 1003 solummodo
650 955 946 1020 proferam,
998 957 1096 1002 nisi
1153 954 1422 1021 qvidpiam
1460 956 1645 1003 occur-

276 1034 435 1090 rerit,
490 1030 631 1095 qvod
679 1035 818 1098 ipsos
866 1033 1149 1082 verborum
1199 1036 1373 1099 apices
1425 1033 1646 1100 produci

277 1108 542 1175 deposcat.
586 1115 701 1174 Cap.
746 1126 786 1160 1.
825 1112 936 1160 Rex
963 1111 1397 1178 interpellandus,
1437 1123 1491 1160 ut
1527 1128 1646 1160 cau-

274 1204 360 1237 sae
399 1187 718 1236 Clericorum
748 1226 762 1245 ,
809 1190 897 1238 vel
932 1207 1104 1238 rerum
1143 1190 1642 1249 Ecclesiasticarum‚

273 1269 416 1315 iuxta
453 1284 672 1316 canones
709 1267 1036 1318 definiantur.
1078 1275 1193 1333 Cap.
1232 1285 1277 1318 2.
1319 1270 1513 1336 Qvovis
1551 1267 1638 1317 die

273 1343 588 1404 Dominico‚
640 1349 693 1394 in
744 1347 986 1395 Ecclesiis
1022 1348 1302 1397 maioribus
1333 1385 1349 1407 ‚
1398 1348 1640 1414 Evange-

271 1424 433 1484 lium,
472 1426 719 1491 epistola,
769 1439 819 1482 et
868 1425 1034 1474 fides:
1083 1430 1135 1475 in
1174 1426 1457 1475 minoribus
1493 1443 1641 1486 vero,

274 1503 437 1563 fides,
486 1520 544 1553 ac
591 1507 755 1553 oratio
792 1505 1068 1553 Dominica
1095 1541 1109 1564 ‚
1161 1506 1357 1572 populo
1397 1505 1642 1572 explane-

271 1592 374 1631 tur.
432 1588 548 1644 Cap.
586 1598 632 1642 3.
682 1583 860 1649 Qvivis
895 1586 948 1631 in
988 1583 1261 1642 Paschate,
1316 1585 1638 1644 Pentecoste,

270 1677 330 1710 ac
367 1661 539 1710 Natali
563 1664 773 1710 Domini
810 1665 1144 1722 confiteatur,
1182 1674 1232 1712 et
1263 1663 1638 1713 Eucharistiam

269 1752 456 1789 sumat.
530 1740 718 1790 Clerici
763 1759 885 1789 vero
931 1743 1109 1790 diebus
1159 1742 1303 1790 festis
1360 1743 1638 1790 maioribus

271 1822 672 1869 communicent.
715 1826 830 1884 Cap.
859 1836 905 1876 4.
944 1820 1135 1869 Omnes
1166 1821 1512 1869 Ecclesiastici
1541 1821 1641 1870 Or·

269 1897 448 1957 dines,
488 1901 539 1946 in
575 1900 854 1948 maioribus
891 1900 1131 1948 Ecclesiis
1168 1911 1375 1966 praesto
1412 1903 1547 1959 sint,
1587 1911 1639 1949 et

269 1995 484 2027 munere
536 1995 626 2026 suo
676 1978 971 2044 fungantur.
1029 1985 1144 2041 Cap.
1183 1994 1231 2037 5.
1284 1978 1530 2028 Canonici
1580 1982 1636 2028 in

271 2058 528 2117 claustr0‚
569 2058 639 2124 y)
689 2069 739 2106 et
778 2058 1047 2124 Capellani
1104 2060 1153 2106 in
1206 2057 1360 2106 Curia
1417 2057 1634 2106 latinam

265 2135 565 2200 loqvantur.
618 2142 733 2200 Cap.
776 2133 823 2186 6.
875 2136 1052 2184 Rudes
1102 2153 1205 2185 non
1241 2135 1544 2185 ordinentur
1579 2140 1633 2185 in

267 2214 634 2281 Presbyter053
685 2214 950 2274 ordinati,
1000 2216 1085 2264 vel
1122 2216 1321 2264 discant
1351 2252 1367 2275 ‚
1416 2216 1503 2264 vel
1541 2216 1631 2264 de-

264 2305 541 2361 ponantur.
596 2299 712 2359 Cap.
747 2308 797 2353 7.
849 2295 1025 2344 Ritum
1077 2295 1322 2362 gentilem
1363 2305 1630 2359 seqvutus‚

1522 2390 1564 2420 si

278 2542 281 2545 .
319 2503 372 2560 x)
403 2503 551 2546 Citato
584 2504 788 2558 superius
821 2502 942 2545 loco.
999 2500 1051 2559 y)
1082 2503 1228 2545 Vitam
1259 2503 1314 2544 ab
1346 2503 1398 2543 iis
1422 2516 1625 2546 commu-

373 2587 507 2621 nem,
538 2572 682 2626 qvalis
717 2571 870 2613 fuerat
900 2571 1143 2625 primitus,
1189 2580 1235 2612 et
1275 2571 1453 2625 qvalem
1501 2585 1628 2612 urse-

372 2650 445 2685 rat
475 2640 722 2695 Gregorius
755 2648 942 2682 octavus
974 2639 1140 2691 Papa,
1178 2652 1275 2692 cap.
1308 2652 1348 2692 9.
1382 2639 1452 2682 tit.
1484 2641 1537 2679 de
1566 2645 1628 2679 vie

372 2719 447 2760 ta,
478 2718 521 2750 ec
549 2709 724 2751 honest.
757 2708 964 2748 clericor.
998 2707 1130 2748 isthic
1163 2707 1381 2761 deposci,
1411 2708 1554 2749 vides.
