1779 3128
250 227 314 281 92
849 212 1034 243 ----ἠ’.

258 340 399 399 1630.
438 339 718 387 constituta
753 350 893 398 sunt,
936 338 1294 388 observentur.
1378 347 1424 393 8.
1477 339 1623 391 Lite-

254 436 375 477 rae,
413 434 471 465 ac
518 417 803 484 privilegia*
831 418 1092 466 Abbatum
1143 429 1238 468 ete.
1277 421 1328 467 in
1367 417 1621 485 Capitulis

253 508 645 545 conserventur.
704 496 869 563 vApud
905 496 1068 546 Aulae
1109 496 1492 546 Cancellarium
1529 517 1622 548 ve-

252 593 310 624 ro
349 587 512 624 exstet
541 575 800 642 catalogus
824 593 1106 642 pagorum,
1144 578 1208 625 ad
1230 578 1479 626 Ecclesias
1503 595 1629 644 per·
1672 571 1692 593 χ

244 658 555 714 ’ῖίηθηῑ111111,
593 673 656 703 ne
691 655 741 704 hi
777 673 870 722 per
916 657 1351 704 inadvertentiam
1390 657 1622 706 saecula-

251 734 388 783 ribus
439 733 710 783 donentur.
796 750 840 798 9.
891 735 1020 783 Cum
1069 751 1171 782 non
1208 735 1467 785 sufficiant
1503 737 1623 785 fun-

249 814 484 862 dationes
522 831 615 880 pro
651 814 802 862 Clero
840 813 1086 862 hactenus
1115 815 1282 862 factae
1311 814 1622 876 Tirnaviae,

249 893 472 959 Agriae,
524 910 581 941 ac
630 893 898 951 Viennae,
953 910 1069 940 cum
1113 894 1321 941 Patrum
1374 910 1623 944 consensu

249 975 524 1031 statuitur,
574 983 629 1020 ut
675 976 903 1038 erigatur
950 971 1236 1020 Tirnaviae
1285 972 1622 1022 Seminarium

248 1051 525 1117 generale,
564 1053 615 1099 in
655 1068 756 1114 qvo
794 1051 999 1120 alantur
1036 1068 1097 1100 ex
1133 1053 1367 1101 omn—ibus
1401 1052 1621 1101 Dioece-

247 1131 387 1179 sibus
425 1132 675 1187 iuveneS,
730 1132 871 1178 iuxta
919 1133 1307 1197 proportionem
1359 1131 1623 1180 fundatio-

249 1211 345 1258 nis,
418 1209 491 1256 Eo
529 1225 738 1274 qvoque
789 1211 1106 1276 recipiantur
1144 1213 1301 1259 etiam
1345 1211 1450 1269 illi,
1496 1206 1646 1275 qvos'

246 1289 627 1348 Ecclesiastici,
666 1288 754 1336 vel
790 1289 1116 1348 Saeculares,
1152 1307 1245 1355 pro
1281 1292 1371 1338 sua
1406 1293 1622 1356 pietate,

245 1385 342 1435 pro
383 1369 747 1416 Ecclesiastico
785 1379 919 1416 statu
947 1368 1085 1416 alere
1113 1368 1309 1417 volent.
1387 1384 1461 1418 10.
1499 1367 1630 1416 Tir-

245 1451 435 1496 naviae
491 1464 652 1513 prope
707 1447 991 1494 Ecclesiam
1023 1484 1038 1506 ,
1106 1446 1361 1496 habitatio
1413 1458 1624 1513 paretur

248 1544 344 1593 pro
383 1526 777 1586 Sacerdotibus,
818 1529 904 1589 qvi
947 1527 1011 1574 ob
1051 1526 1286 1574 morbum
1327 1525 1623 1592 physicum,

247 1618 334 1654 aut
371 1606 653 1664 moralem,
694 1622 796 1654 non
835 1606 1055 1671 amplius
1109 1617 1321 1671 possunt
1368 1605 1621 1654 laborare.

247 1685 331 1734 Ad
368 1684 510 1749 qvod
556 1688 701 1751 pium
748 1701 875 1751 opus
925 1696 1235 1733 concurrant
1272 1684 1529 1742 Praelati,
1567 1695 1623 1732 ut

251 1782 312 1813 ex
350 1781 525 1813 eorum
575 1752 782 1828 qvoqve
830 1764 1204 1822 Dioecesibus,
1257 1780 1317 1812 eo
1365 1765 1621 1829 recipian-

248 1855 331 1893 tur
382 1842 701 1892 Sacerdotes.
797 1859 870 1893 11.
925 1843 1022 1891 Pro
1073 1841 1432 1891 Sacerdotibus
1464 1879 1479 1900 ,
1533 1843 1622 1906 qvi

248 1923 434 1971 nolunt*
466 1925 684 1988 corrigi,
738 1921 1071 1971 destinandus
1110 1922 1311 1969 videtur
1347 1924 1621 1969 correctio-

248 2005 328 2050 nis
373 2002 530 2050 locus.
623 2017 694 2050 12.
752 2000 1027 2052 Convictus
1067 2000 1330 2050 Nobilium
1367 2011 1482 2048 sunt
1522 2001 1620 2050 eri·

247 2080 423 2147 gendi.
501 2095 573 2139 13.
609 2081 875 2130 Nominati
908 2097 1000 2146 per
1028 2081 1364 2127 Maiestatem
1395 2079 1617 2145 Regiam

249 2162 521 2227 Episcopi,
561 2161 1002 2208 confirmationem
1029 2159 1319 2206 Romanam
1350 2175 1469 2205 mox
1502 2173 1620 2222 pro-

251 2251 449 2289 curent.
526 2255 600 2296 14.
641 2230 966 2306 Ιᾶειήᾶἕειηῑ
994 2238 1057 2287 ab
1089 2255 1189 2287 una
1221 2237 1341 2286 sede
1371 2236 1434 2284 ad
1463 2236 1619 2284 aliam

251 2319 503 2367 translati.
591 2334 664 2378 15.
719 2319 850 2367 ‘Cum
890 2318 1178 2367 exactiones
1215 2318 1390 2363 variae
1430 2318 1528 2363 sint
1564 2317 1618 2364 in

253 2396 407 2445 Curia
446 2398 708 2456 Romana,
749 2400 1045 2461 qvaeritur,
1082 2412 1202 2444 num
1239 2398 1301 2443 sit
1331 2395 1618 2460 petendum

251 2492 282 2524 a
320 2476 565 2524 Pontifice
604 2494 696 2541 per
730 2477 861 2524 hanc
899 2473 1202 2541 Synodum,
1240 2485 1294 2522 ut
1330 2472 1618 2540 expeditio-

251 2571 340 2603 nes
378 2555 642 2602 Bullarum
680 2557 904 2620 gratuito
944 2551 1112 2601 fiant?
1165 2570 1227 2601 an
1263 2571 1391 2602 vero
1429 2570 1618 2601 conve-

254 2635 500 2684 niendum
537 2650 628 2701 pro
670 2645 839 2695 certa,
873 2633 1082 2698 leviqve
1118 2650 1316 2683 summa
1349 2634 1499 2682 titulo
1528 2649 1618 2685 an*-

1460 2728 1549 2761 na-
