1811 3128
286 229 314 269 2-
830 223 1062 265 n*-

281 343 350 400 ti,
392 341 530 389 iuxta
566 337 737 405 legem
774 335 1067 399 Ecclesiae,
1106 354 1207 403 qva
1244 339 1367 406 ipsis
1404 337 1647 388 concedi-

283 432 366 469 tur
402 423 451 468 in
480 419 751 467 Provincia
779 435 900 466 suae
926 418 1230 484 legationis,
1270 416 1531 466 ordinaria
1552 405 1647 484 po-

282 510 475 556 testas,
514 509 568 547 ut
605 498 673 546 ibi
702 492 945 545 nimirum
971 498 1227 556 evellant,
1267 496 1546 562 dissipent,
1586 513 1648 545 ao

280 578 553 644 plantent,
602 577 661 640 b)
713 588 867 641 atque
905 576 1104 625 Statuta
1152 579 1348 643 possint
1400 574 1645 636 condere,

281 668 397 723 post
442 656 650 706 illoru'm
701 673 907 722 qvoqve
963 655 1244 705 discessum
1294 657 1450 707 robur
1501 654 1648 704 habi-

282 746 416 786 tura.
453 735 508 801 c)
904 730 908 735 ’

903 894 915 906 .
985 857 1050 905 ΙΙ.

440 948 627 1022 Apud
659 967 767 1005 nos
803 852 945 1022 p0§st
987 965 1209 1004 almum
1250 945 1492 1005 MCXI.

416 1080 713 1128 Postremae
742 1082 935 1146 speciei
961 1077 1194 1146 Synodus
1216 1078 1502 1127 Nationalis
1531 1094 1652 1127 cen-
1706 1082 1709 1084 ’

285 1170 428 1208 setur
463 1161 515 1204 in
553 1157 783 1205 Ecclesia
823 1159 1148 1224 Hungarica,
1197 1158 1450 1206 celebrata
1492 1158 1650 1206 fuisse

282 1255 380 1304 per
417 1236 698 1297 Cononem,
736 1254 824 1284 seu
863 1235 1130 1287 Cunonem
1159 1237 1471 1304 Episcopum
1499 1237 1653 1284 Prae-

282 1319 561 1375 nestinum,
600 1326 650 1364 et
688 1314 1039 1374 Cardinalern,
1069 1333 1131 1364 eo
1169 1316 1290 1376 fine,
1330 1326 1383 1363 ut
1417 1315 1650 1381 promul-

284 1407 430 1461 garet
467 1396 778 1443 sententiam
815 1393 1187 1454 anathematis,
1242 1411 1271 1442 a
1307 1393 1541 1442 Paschali
1584 1394 1650 1442 ΙΙ.

284 1474 536 1522 Pontifice
574 1475 626 1520 in
663 1473 945 1520 Henricum
981 1473 1066 1522 IV.
1104 1474 1508 1539 Imperatorem,
1547 1489 1652 1529 ,ea-

283 1564 500 1620 propter
534 1551 724 1609 latam,
773 1550 941 1615 quod,
991 1568 1107 1600 cum
1139 1551 1257 1600 huic
1304 1553 1650 1618 pervicaciter

288 1631 608 1689 inhaerenti,
642 1630 838 1678 famoso
875 1632 926 1677 in
952 1626 1311 1679 Ecclesiastica
1339 1629 1553 1678 historia
1573 1635 1650 1686 ,in-

169 1727 181 1736 ’
261 1715 642 1758 ,υεςτίῑιινανιιηι
689 1712 832 1769 iuri,
893 1709 1032 1776 Papa
1077 1726 1410 1774 neqvaqvam
1464 1708 1650 1757 cedere

285 1788 478 1846 vellet,
515 1790 625 1854 ipse
663 1789 874 1852 qvidem
911 1806 1027 1836 cum
1056 1788 1414 1836 Cardinalibus
1452 1799 1502 1835 et
1528 1787 1651 1853 Epi-

286 1869 455 1932 scopis
504 1867 766 1915 funestum
801 1862 1057 1916 carcerem
1080 1904 1094 1926 ,
1155 1866 1285 1915 Urbs
1320 1882 1446 1914 vero
1480 1877 1652 1913 vasta·
1680 1926 1685 1931 ἱ
1760 1890 1764 1893 >

204 1978 207 1979 ν
285 1949 512 2004 tionem,
549 1961 682 1994 anno
723 1946 909 1994 Christi
947 1945 1148 1994 MCXI.
1187 1944 1424 1993 debuerit
1460 1944 1650 1993 subire.

284 2025 430 2073 Haec
465 2028 536 2073 ita
573 2042 634 2072 ex
662 2036 809 2091 parte
847 2025 1093 2073 retulerat
1120 2024 1412 2090 Alphonsus
1440 2022 1653 2071 Ciacco-

285 2105 432 2159 nius,
475 2105 555 2151 cui
594 2103 867 2151 Peterffius
906 2115 1079 2152 noster
1117 2105 1387 2151 consensit.
1438 2100 1498 2165 d)
1551 2101 1662 2149 Ve-.

286 2194 578 2230 rumtamen
616 2199 694 2230 res
733 2184 803 2230 ita
842 2198 894 2229 se
927 2184 1099 2248 potius
1135 2181 1311 2230 habet-t
1360 2180 1513 2247 Qvod
1552 2179 1653 2228 Co-

289 2277 393 2307 non
434 2259 724 2309 Cardinalis
774 2272 823 2309 et
859 2261 1082 2325 Legatus
1121 2261 1289 2326 Papae
1336 2271 1455 2308 tunc
1501 2262 1551 2306 in
1596 2276 1652 2307 o·

288 2341 454 2387 riente
506 2351 883 2399 commoratus,
935 2338 1110 2387 audito
1162 2340 1371 2387 Henrici
1422 2337 1652 2385 facinore

1531 2418 1583 2462 in

346 2520 398 2576 b)
433 2521 540 2574 Fap.
583 2536 621 2565 «z.
666 2522 722 2562 de
767 2522 844 2564 off.
886 2522 1031 2580 legati
1071 2523 1115 2562 in
1157 2526 1195 2566 6.
1266 2522 1314 2571 c)
1345 2519 1538 2561 Ibidem.
1599 2520 1654 2575 d)

403 2588 672 2630 ciacconius
717 2591 760 2631 in
806 2592 911 2634 vitis
953 2589 1267 2631 Cardinalium
1313 2587 1544 2630 Paschalis
1588 2601 1655 2628 se-

401 2657 536 2697 cundi
581 2658 754 2710 Papae.
839 2656 1046 2713 Peterffy
1093 2659 1236 2699 citato
1282 2657 1328 2698 in
1368 2655 1661 2712 praefatione

405 2737 508 2766 mea
539 2738 678 2779 opere
712 2727 766 2768 de
801 2727 972 2770 Concil.
1005 2726 1126 2769 Eccl.
1156 2727 1207 2769 H.
