1779 3128
759 212 944 240 Ξ
1470 209 1532 255 gf

674 317 723 388 ς.
796 322 1018 371 XXXV.

355 469 494 546 Cap.
550 470 617 526 X.
665 469 734 526 de
759 468 914 542 foro
959 468 1076 526 iad.
1125 469 1333 544 Epis&

295 644 490 713 Capitis
547 643 735 694 decimi
782 661 922 692 num.
967 658 1008 694 1.
1051 642 1315 703 decernit,
1366 656 1418 693 ut
1457 645 1545 707 Vi-

162 729 285 776 carii
334 725 620 774 Generales
684 725 1106 791 Episcoporum,
1172 735 1223 772 et
1274 740 1546 773 causarum

134 805 450 864 auditores,
495 807 651 872 periti
698 808 799 875 sint
845 804 1231 862 Ecclesiastici,
1281 815 1333 853 et
1385 808 1540 870 patrii

158 889 306 935 iuris.
378 885 587 934 Praeter
619 901 744 949 qvos
782 887 833 933 in
872 883 985 932 foro
1024 883 1287 943 iudiciali,
1338 884 1541 949 aliqvot

162 982 441 1014 assessores
481 963 786 1013 habeantur.
872 980 915 1012 2.
954 965 1200 1031 Insuper,
1251 981 1414 1031 penes
1455 965 1545 1012 Vi-

164 1048 385 1104 carhun,
425 1055 533 1092 esto
571 1045 761 1093 iuratus
799 1043 1043 1091 Notarius
1072 1081 1087 1103 ‚
1126 1061 1216 1091 seu
1248 1044 1545 1103 Actuarius,

163 1127 253 1188 qvi
290 1135 434 1182 acta,
471 1133 520 1170 et
557 1139 823 1188 processus
863 1122 1088 1171 fideliter
1126 1124 1418 1172 conscribat
1441 1161 1457 1184 ‚
1496 1134 1546 1173 et

96 1196 103 1200 ’
162 1203 467 1271 protocolon
507 1201 723 1261 horum,
777 1200 1078 1255 fidelissime
1131 1213 1424 1251 conservet.
1497 1217 1546 1262 3.

159 1281 433 1340 Archivia,
471 1281 738 1329 literarum
765 1294 1133 1341 monumenta,
1164 1281 1230 1330 ad
1257 1282 1547 1332 Ecclesiam

161 1363 480 1428 spectantia,
520 1372 1026 1424 qvae-conservent,
1066 1373 1276 1428 praesto
1319 1365 1435 1412 sint.
1496 1379 1544 1420 Α..

163 1441 409 1506 Episcopi
448 1438 728 1505 diligenter
765 1439 1076 1505 invigilent,
1113 1458 1178 1490 ne
1217 1458 1433 1501 causae,
1483 1460 1544 1491 ac

165 1519 279 1567 lites
318 1522 369 1566 in
405 1535 581 1566 eorum
631 1518 774 1576 f0r0,
825 1519 960 1567 ultra
1006 1520 1300 1586 legitimum
1337 1534 1544 1588 tempus

166 1596 544 1664 protrahantur.
615 1598 825 1646 Inutiles
857 1599 1251 1649 procuratorum
1282 1605 1545 1669 exceptio-

163 1694 283 1735 nes,
310 1679 673 1743 reprimantur.
743 1692 791 1737 ,5.
828 1678 1283 1745 Appellationibus
1303 1692 1544 1740 ,tantum

165 1772 195 1804 a
244 1754 518 1805 definitiva
565 1761 824 1806 sententia
858 1795 873 1817 ,
940 1759 1027 1806 vel
1079 1759 1383 1809 definitivae
1435 1764 1545 1812 vim

160 1834 409 1894 habente,
448 1847 535 1891 aut
573 1839 709 1884 cuius
747 1854 1065 1903 gravamen,
1103 1857 1197 1905 per
1234 1841 1542 1906 appellatio-

161 1932 279 1963 nem
317 1931 344 1963 a
382 1913 690 1976 definitiva,
743 1919 973 1983 reparari
1023 1922 1240 1982 neqvit,
1290 1932 1543 1987 qvatenus

160 1998 471 2061 permittunt
508 1998 615 2044 iura
638 2034 652 2055 ,
705 1995 970 2046 deferatur
992 2015 1015 2058 3-
1059 1998 1198 2046 facta
1231 1992 1543 2065 tempestive

160 2074 395 2140 legitima
430 2075 822 2141 appellatione,
860 2093 918 2125 ac
956 2077 1182 2126 obtentis
1220 2081 1354 2126 intra
1390 2096 1543 2145 prae-

165 2157 378 2220 scriptos
432 2152 540 2203 dies
588 2160 847 2218 Apostolis
878 2193 892 2215 ,
943 2160 1033 2222 qvi
1082 2154 1419 2222 neq‘vaqvam
1454 2175 1545 2207 ne·-

163 2244 380 2298 gentur..
438 2234 485 2282 6.
523 2232 703 2282 Taxae
732 2235 1027 2295 literarum,
1068 2253 1125 2285 ac
1153 2241 1546 2304 scripturarum,

167 2315 294 2360 taxis
352 2313 796 2380 Metropolitanae
903 2316 1264 2384 Strigoniensis
1313 2318 1547 2368 Ecclesia

170 2390 570 2442 conformentur.
662 2382 710 2455 7.
762 2395 1059 2446 Moderatio
1111 2398 1200 2447 fiat
1248 2401 1300 2446 in
1350 2399 1547 2449 salariis

168 2468 579 2523 Procuratorum.
649 2474 825 2539 Atqve
862 2475 1246 2543 providendum
1270 2515 1285 2536 ,
1325 2494 1390 2526 ne
1429 2481 1545 2542 qvis

168 2551 240 2597 ita
276 2562 490 2617 occupet
518 2552 910 2616 Procuratores,
951 2569 1004 2606 ut
1041 2560 1156 2625 pars
1186 2550 1402 2607 adversa
1429 2559 1546 2606 nul·

165 2626 275 2679 lum
311 2632 532 2696 reperire
580 2638 759 2699 possit.
845 2636 1142 2706 pauperum
1181 2654 1403 2695 causae,
1447 2655 1544 2703 per.

1398 2734 1479 2770 vlu
