1779 3128
677 212 861 228 “““““
1355 213 1449 258 237

77 328 166 380 vel
219 330 281 377 ex
331 325 479 375 huius
540 324 874 391 delegatione
930 320 1456 382 V-Archidiaconus,

82 410 250 458 aliave
286 422 506 472 persona
544 405 908 453 Ecclesiastica
954 407 1166 470 insignis
1198 403 1455 471 perficitO.

81 485 392 544 Introducti,
445 487 797 532 inventarium
833 501 1003 533 rerum
1049 485 1114 532 ad
1154 481 1457 531 Parochiam

81 567 425 633 spectantium
462 564 670 613 iubeant
705 563 921 623 confici,
959 582 1054 630 per
1091 562 1367 622 aedituos,
1403 578 1456 610 a·

77 646 278 705 liosve,
331 643 397 693 ad
431 661 615 692 munus
652 642 816 692 isthoc
863 643 1154 710 deputatos.
1238 645 1457 693 Absces-

79 727 214 784 suri,
256 723 333 772 his
373 736 478 773 tam
527 722 658 772 illud
684 760 699 781 ,
754 740 910 788 qvam
949 735 999 772 et
1038 724 1192 772 libros
1228 723 1457 790 baptisa-

80 815 246 854 torum
268 842 281 864 ,
321 805 777 862 confirmatorum,
813 814 862 851 et
901 805 1230 851 matrimonio
1263 806 1461 850 iuncto-

79 903 230 945 rum,
267 888 586 951 consignent.
665 897 715 943 5.
767 882 1081 947 Conseqvuti
1129 870 1458 949 Praepositu-

78 981 190 1014 ram
215 1002 230 1024 ,
271 965 574 1025 Abbatiam,
611 963 699 1012 vel
735 963 1019 1022 Altariam,
1053 980 1175 1011 mox
1210 965 1262 1012 in
1301 977 1460 1010 onera

82 1045 315 1094 eiusdem
364 1047 671 1109 inqvirant,
722 1043 905 1108 hisqve
955 1060 1048 1109 per
1107 1053 1269 1091 semet
1305 1079 1322 1102 ,
1376 1041 1462 1091 vel

80 1142 176 1191 per
223 1125 524 1172 substitutos
573 1135 749 1172 exacte
811 1123 1129 1171 satisfaciant
1161 1158 1177 1182 ,
1231 1121 1460 1186 alioqvin

84 1205 149 1253 ab
198 1202 477 1252 Ordinatio
515 1240 530 1264 ,
584 1207 740 1253 etiam
795 1204 885 1251 sub
935 1218 1104 1268 poena
1154 1203 1460 1268 privationis

83 1281 448 1349 compellendi.
540 1283 685 1331 Idem
726 1283 1040 1348 intelligatur
1074 1281 1138 1329 de
1177 1281 1310 1340 illis,
1348 1284 1462 1345 qvi-

82 1362 176 1414 bus
214 1375 291 1413 est
328 1378 449 1411 cura
488 1362 839 1428 Hospitalium
873 1364 1165 1412 commissa.

676 1490 727 1562 ς.
800 1494 859 1546 c,

260 1616 398 1691 Cap.
444 1617 570 1674 III.
619 1617 687 1675 de
729 1616 848 1690 ref
891 1615 1273 1691 necessitate.

222 1753 394 1830 Caput
443 1766 652 1812 tertium
698 1764 785 1816 illa
832 1776 1141 1831 pertractat,
1191 1779 1324 1828 qvae
1377 1779 1468 1810 ne-

83 1848 358 1892 cessariam
392 1843 822 1894 reformationem
860 1856 1120 1910 exoptant.
1197 1845 1331 1891 Hinc
1371 1842 1461 1890 de·

87 1927 346 1971 cernitur:
410 1938 452 1973 ἰ.
508 1922 580 1972 Ut
618 1923 901 1981 Sacerdos,
953 1927 1181 1972 notorius
1221 1921 1468 1971 concubi-

41 2009 45 2017 '
88 2005 298 2061 narius,
337 2003 422 2051 vel
459 2003 742 2051 foeminam
779 2006 958 2050 uxorio
993 2005 1205 2050 nomine
1237 2002 1374 2068 apud
1413 2019 1467 2049 se

89 2080 356 2140 detinens,
395 2082 591 2146 absqve
618 2084 833 2148 strepitu
872 2085 1026 2140 iuris,
1065 2093 1318 2148 perpetuo
1357 2097 1470 2130 car-

86 2164 193 2210 ceri
239 2164 579 2227 mancipetur.
667 2161 842 2209 Proles
886 2179 946 2208 ex
991 2159 1067 2208 his
1106 2172 1297 2220 natae,
1350 2177 1473 2226 per-

84 2252 247 2307 petuo
284 2240 538 2299 infames,
579 2257 638 2289 ac
668 2243 822 2289 etiam
856 2251 973 2306 post
1009 2240 1465 2305 legitimationem,

91 2319 157 2367 ad
224 2320 581 2368 Ecclesiastica
646 2319 912 2368 Beneficia
981 2318 1235 2367 inhabiles
1302 2330 1472 2368 sunt0.

94 2397 281 2462 Qvoad
318 2402 598 2448 retinentes
635 2416 762 2447 vero
800 2410 1057 2464 suspectas
1095 2398 1356 2459 mulieres,
1387 2399 1474 2446 lex

91 2475 410 2526 Tridentina
447 2490 700 2528 servetur.
784 2495 834 2527 2.
884 2478 1035 2526 Plura
1071 2477 1334 2526 Beneficia
1386 2495 1475 2526 cu-

91 2566 235 2614 rata,
276 2556 359 2603 vel
397 2574 540 2606 secus
575 2558 1015 2625 incompatibilia,
1054 2559 1267 2605 retineri
1306 2569 1470 2606 vetat.

91 2649 140 2694 3.
180 2635 426 2702 Episcopi
461 2636 666 2686 sedibus
718 2638 943 2699 exclusi,
988 2654 1170 2686 verum
1208 2637 1473 2685 Beneficia

1355 2732 1408 2764 in
