<?xml version="1.0" encoding="UTF-8"?>
<!DOCTYPE html PUBLIC "-//W3C//DTD XHTML 1.0 Transitional//EN"
    "http://www.w3.org/TR/xhtml1/DTD/xhtml1-transitional.dtd">
<html xmlns="http://www.w3.org/1999/xhtml" xml:lang="en" lang="en">
 <head>
  <title>
</title>
<meta http-equiv="Content-Type" content="text/html;charset=utf-8" />
  <meta name='ocr-system' content='tesseract 3.04.00' />
  <meta name='ocr-capabilities' content='ocr_page ocr_carea ocr_par ocr_line ocrx_word'/>
</head>
<body>
  <div class='ocr_page' id='page_1' title='image "./synopsiscriticoh00szvouoft_0149.png"; bbox 0 0 1779 3128; ppageno 0'>
   <div class='ocr_carea' id='block_1_1' title="bbox 671 207 1443 255">
    <p class='ocr_par' dir='ltr' id='par_1_1' title="bbox 671 207 1443 255">
     <span class='ocr_line' id='line_1_1' title="bbox 671 207 1443 255; baseline 0.01 -17"><span class='ocrx_word' id='word_1_1' title='bbox 671 207 855 225; x_wconf 81' lang='lat'><strong>—-—-</strong></span> <span class='ocrx_word' id='word_1_2' title='bbox 1360 210 1443 255; x_wconf 76' lang='lat'>131</span> 
     </span>
    </p>
   </div>
   <div class='ocr_carea' id='block_1_2' title="bbox 673 227 856 238">
    <p class='ocr_par' dir='ltr' id='par_1_2' title="bbox 673 227 856 238">
     <span class='ocr_line' id='line_1_2' title="bbox 673 227 856 238; baseline 0 2890"><span class='ocrx_word' id='word_1_3' title='bbox 673 227 856 238; x_wconf 95' lang='lat' dir='ltr'> </span> 
     </span>
    </p>
   </div>
   <div class='ocr_carea' id='block_1_3' title="bbox 0 0 53 1279">
    <p class='ocr_par' dir='ltr' id='par_1_3' title="bbox 0 0 53 1279">
     <span class='ocr_line' id='line_1_3' title="bbox 0 0 53 1279; baseline 0 0"><span class='ocrx_word' id='word_1_4' title='bbox 0 0 53 1279; x_wconf 95' lang='lat' dir='ltr'> </span> 
     </span>
    </p>
   </div>
   <div class='ocr_carea' id='block_1_4' title="bbox 4 318 1513 1974">
    <p class='ocr_par' dir='ltr' id='par_1_4' title="bbox 4 318 1513 1974">
     <span class='ocr_line' id='line_1_4' title="bbox 15 318 1449 385; baseline -0.006 -12"><span class='ocrx_word' id='word_1_5' title='bbox 15 318 22 373; x_wconf 60' lang='lat'><em>3</em></span> <span class='ocrx_word' id='word_1_6' title='bbox 88 322 294 372; x_wconf 75' lang='lat' dir='ltr'>dictioni</span> <span class='ocrx_word' id='word_1_7' title='bbox 349 318 601 365; x_wconf 70' lang='lat' dir='ltr'>subiectas</span> <span class='ocrx_word' id='word_1_8' title='bbox 662 321 920 366; x_wconf 77' lang='lat' dir='ltr'>Ecclesc&#39;as</span> <span class='ocrx_word' id='word_1_9' title='bbox 983 321 1240 385; x_wconf 77' lang='lat' dir='ltr'><em>adstringi</em></span> <span class='ocrx_word' id='word_1_10' title='bbox 1286 319 1449 366; x_wconf 78' lang='lat' dir='ltr'>volue-</span> 
     </span>
     <span class='ocr_line' id='line_1_5' title="bbox 15 399 1451 463; baseline 0.001 -19"><span class='ocrx_word' id='word_1_11' title='bbox 15 431 18 448; x_wconf 56' lang='lat'>2</span> <span class='ocrx_word' id='word_1_12' title='bbox 91 412 221 451; x_wconf 74' lang='lat' dir='ltr'>runt.</span> <span class='ocrx_word' id='word_1_13' title='bbox 291 400 486 463; x_wconf 76' lang='lat' dir='ltr'>,Qvibus</span> <span class='ocrx_word' id='word_1_14' title='bbox 516 400 691 445; x_wconf 78' lang='lat' dir='ltr'>taliter</span> <span class='ocrx_word' id='word_1_15' title='bbox 720 400 1028 458; x_wconf 72' lang='lat' dir='ltr'>declaratis,</span> <span class='ocrx_word' id='word_1_16' title='bbox 1065 401 1318 459; x_wconf 79' lang='lat' dir='ltr'><em>respondit</em></span> <span class='ocrx_word' id='word_1_17' title='bbox 1352 399 1451 462; x_wconf 83' lang='lat' dir='ltr'>Sy·</span> 
     </span>
     <span class='ocr_line' id='line_1_6' title="bbox 16 478 1451 539; baseline -0.005 -9"><span class='ocrx_word' id='word_1_18' title='bbox 16 507 17 510; x_wconf 41' lang='lat'>¹</span> <span class='ocrx_word' id='word_1_19' title='bbox 87 484 205 531; x_wconf 79' lang='lat' dir='ltr'>nodi</span> <span class='ocrx_word' id='word_1_20' title='bbox 231 480 479 526; x_wconf 79' lang='lat' dir='ltr'>Praeses:</span> <span class='ocrx_word' id='word_1_21' title='bbox 516 478 681 525; x_wconf 77' lang='lat' dir='ltr'>Salvis</span> <span class='ocrx_word' id='word_1_22' title='bbox 711 495 801 539; x_wconf 80' lang='lat' dir='ltr'>per</span> <span class='ocrx_word' id='word_1_23' title='bbox 837 481 1000 524; x_wconf 80' lang='lat' dir='ltr'>omnia</span> <span class='ocrx_word' id='word_1_24' title='bbox 1039 481 1233 525; x_wconf 78' lang='lat' dir='ltr'>iuribus</span> <span class='ocrx_word' id='word_1_25' title='bbox 1268 481 1451 527; x_wconf 81' lang='lat' dir='ltr'>Arclu&#39;-</span> 
     </span>
     <span class='ocr_line' id='line_1_7' title="bbox 10 557 1453 623; baseline 0.001 -21"><span class='ocrx_word' id='word_1_26' title='bbox 10 595 11 602; x_wconf 70' lang='grc'><strong><em>,</em></strong></span> <span class='ocrx_word' id='word_1_27' title='bbox 88 563 397 623; x_wconf 54' lang='lat' dir='ltr'>episcopatus</span> <span class='ocrx_word' id='word_1_28' title='bbox 432 557 824 621; x_wconf 75' lang='lat' dir='ltr'>Strz&#39;gonz&#39;ensis,</span> <span class='ocrx_word' id='word_1_29' title='bbox 857 559 981 605; x_wconf 75' lang='lat' dir='ltr'>BR.</span> <span class='ocrx_word' id='word_1_30' title='bbox 1012 562 1453 619; x_wconf 64' lang='lat' dir='ltr'>Archz&#39;epzls‘copztm</span> 
     </span>
     <span class='ocr_line' id='line_1_8' title="bbox 5 636 1453 700; baseline -0.001 -15"><span class='ocrx_word' id='word_1_31' title='bbox 5 642 11 699; x_wconf 48' lang='grc' dir='ltr'>,ζ</span> <span class='ocrx_word' id='word_1_32' title='bbox 87 639 414 695; x_wconf 80' lang='lat' dir='ltr'>Colocensem,</span> <span class='ocrx_word' id='word_1_33' title='bbox 450 655 510 682; x_wconf 81' lang='lat' dir='ltr'>ac</span> <span class='ocrx_word' id='word_1_34' title='bbox 529 640 684 697; x_wconf 72' lang='lat' dir='ltr'>ipsius</span> <span class='ocrx_word' id='word_1_35' title='bbox 710 636 1093 700; x_wconf 69' lang='lat' dir='ltr'>Szffraganem,</span> <span class='ocrx_word' id='word_1_36' title='bbox 1124 640 1195 683; x_wconf 78' lang='lat' dir='ltr'>ad</span> <span class='ocrx_word' id='word_1_37' title='bbox 1213 641 1307 684; x_wconf 77' lang='lat' dir='ltr'>lzoc</span> <span class='ocrx_word' id='word_1_38' title='bbox 1332 642 1453 684; x_wconf 85' lang='lat' dir='ltr'>Con·</span> 
     </span>
     <span class='ocr_line' id='line_1_9' title="bbox 4 702 1454 773; baseline -0.001 -8"><span class='ocrx_word' id='word_1_39' title='bbox 4 702 9 716; x_wconf 37' lang='grc' dir='ltr'><strong><em>ι</em></strong></span> <span class='ocrx_word' id='word_1_40' title='bbox 81 719 246 765; x_wconf 79' lang='lat' dir='ltr'>cilium</span> <span class='ocrx_word' id='word_1_41' title='bbox 265 749 280 773; x_wconf 85' lang='lat'><strong>‚</strong></span> <span class='ocrx_word' id='word_1_42' title='bbox 310 716 462 763; x_wconf 77' lang='lat' dir='ltr'>Suam</span> <span class='ocrx_word' id='word_1_43' title='bbox 492 717 897 763; x_wconf 69' lang='lat' dir='ltr'>Illustrissimam</span> <span class='ocrx_word' id='word_1_44' title='bbox 933 717 1342 764; x_wconf 75' lang='lat' dir='ltr'>Dominationem</span> <span class='ocrx_word' id='word_1_45' title='bbox 1371 735 1454 763; x_wconf 85' lang='lat' dir='ltr'>ro·</span> 
     </span>
     <span class='ocr_line' id='line_1_10' title="bbox 73 797 1453 862; baseline -0.001 -19"><span class='ocrx_word' id='word_1_46' title='bbox 73 799 272 862; x_wconf 82' lang='lat' dir='ltr'>gando,</span> <span class='ocrx_word' id='word_1_47' title='bbox 313 811 408 843; x_wconf 76' lang='lat' dir='ltr'>non</span> <span class='ocrx_word' id='word_1_48' title='bbox 443 797 680 854; x_wconf 75' lang='lat' dir='ltr'>iubend0,</span> <span class='ocrx_word' id='word_1_49' title='bbox 718 799 794 842; x_wconf 81' lang='lat' dir='ltr'>ita</span> <span class='ocrx_word' id='word_1_50' title='bbox 822 812 1149 852; x_wconf 77' lang='lat' dir='ltr'>convocasse,</span> <span class='ocrx_word' id='word_1_51' title='bbox 1187 806 1245 841; x_wconf 79' lang='lat' dir='ltr'>ut</span> <span class='ocrx_word' id='word_1_52' title='bbox 1264 798 1453 842; x_wconf 73' lang='lat' dir='ltr'>nullum</span> 
     </span>
     <span class='ocr_line' id='line_1_11' title="bbox 77 877 1456 938; baseline -0.001 -14"><span class='ocrx_word' id='word_1_53' title='bbox 77 880 128 924; x_wconf 82' lang='lat' dir='ltr'>in</span> <span class='ocrx_word' id='word_1_54' title='bbox 160 880 255 923; x_wconf 79' lang='lat' dir='ltr'>hac</span> <span class='ocrx_word' id='word_1_55' title='bbox 281 886 429 938; x_wconf 82' lang='lat' dir='ltr'>parte</span> <span class='ocrx_word' id='word_1_56' title='bbox 461 878 821 937; x_wconf 77' lang='lat' dir='ltr'>praeiudicium</span> <span class='ocrx_word' id='word_1_57' title='bbox 864 877 1124 922; x_wconf 64' lang='lat' dir='ltr'>Coloe-ensi</span> <span class='ocrx_word' id='word_1_58' title='bbox 1146 877 1456 936; x_wconf 71' lang='lat' dir='ltr'>Archi-Epi·</span> 
     </span>
     <span class='ocr_line' id='line_1_12' title="bbox 78 951 1457 1019; baseline -0.001 -17"><span class='ocrx_word' id='word_1_59' title='bbox 78 959 317 1017; x_wconf 76' lang='lat' dir='ltr'>scopatut&#39;</span> <span class='ocrx_word' id='word_1_60' title='bbox 354 972 522 1001; x_wconf 80' lang='lat' dir='ltr'>creare</span> <span class='ocrx_word' id='word_1_61' title='bbox 556 957 841 1002; x_wconf 60' lang='lat' dir='ltr'>intenderit.</span> <span class='ocrx_word' id='word_1_62' title='bbox 879 951 940 1015; x_wconf 91' lang='lat' dir='ltr'>d)</span> <span class='ocrx_word' id='word_1_63' title='bbox 1023 952 1287 1019; x_wconf 74' lang='lat' dir='ltr'>synodum</span> <span class='ocrx_word' id='word_1_64' title='bbox 1324 951 1457 1001; x_wconf 74' lang='lat' dir='ltr'>hanc</span> 
     </span>
     <span class='ocr_line' id='line_1_13' title="bbox 79 1030 1455 1099; baseline -0.001 -18"><span class='ocrx_word' id='word_1_65' title='bbox 79 1036 288 1082; x_wconf 81' lang='lat' dir='ltr'>ornavit</span> <span class='ocrx_word' id='word_1_66' title='bbox 314 1032 479 1081; x_wconf 85' lang='lat' dir='ltr'><strong>Breve</strong></span> <span class='ocrx_word' id='word_1_67' title='bbox 501 1032 861 1099; x_wconf 84' lang='lat' dir='ltr'>Apostolicum</span> <span class='ocrx_word' id='word_1_68' title='bbox 892 1031 1035 1080; x_wconf 80' lang='lat' dir='ltr'>Pauli</span> <span class='ocrx_word' id='word_1_69' title='bbox 1058 1031 1116 1079; x_wconf 87' lang='lat' dir='ltr'>V.</span> <span class='ocrx_word' id='word_1_70' title='bbox 1142 1030 1320 1080; x_wconf 86' lang='lat' dir='ltr'>datum</span> <span class='ocrx_word' id='word_1_71' title='bbox 1346 1049 1455 1080; x_wconf 84' lang='lat' dir='ltr'>sex·</span> 
     </span>
     <span class='ocr_line' id='line_1_14' title="bbox 78 1110 1451 1176; baseline -0.001 -16"><span class='ocrx_word' id='word_1_72' title='bbox 78 1123 131 1160; x_wconf 85' lang='lat' dir='ltr'>to</span> <span class='ocrx_word' id='word_1_73' title='bbox 161 1113 271 1160; x_wconf 90' lang='lat' dir='ltr'>idus</span> <span class='ocrx_word' id='word_1_74' title='bbox 308 1112 454 1167; x_wconf 88' lang='lat' dir='ltr'>Iulii,</span> <span class='ocrx_word' id='word_1_75' title='bbox 490 1128 623 1159; x_wconf 87' lang='lat' dir='ltr'>anno</span> <span class='ocrx_word' id='word_1_76' title='bbox 668 1111 807 1159; x_wconf 86' lang='lat'><strong>1610.</strong></span> <span class='ocrx_word' id='word_1_77' title='bbox 848 1122 898 1159; x_wconf 87' lang='lat' dir='ltr'>et</span> <span class='ocrx_word' id='word_1_78' title='bbox 937 1110 1010 1159; x_wconf 88' lang='lat' dir='ltr'>ibi</span> <span class='ocrx_word' id='word_1_79' title='bbox 1046 1111 1362 1176; x_wconf 87' lang='lat' dir='ltr'>perlectum,</span> <span class='ocrx_word' id='word_1_80' title='bbox 1398 1114 1451 1159; x_wconf 89' lang='lat' dir='ltr'>in</span> 
     </span>
     <span class='ocr_line' id='line_1_15' title="bbox 79 1189 1450 1257; baseline -0.001 -18"><span class='ocrx_word' id='word_1_81' title='bbox 79 1209 187 1256; x_wconf 84' lang='lat' dir='ltr'>qvo</span> <span class='ocrx_word' id='word_1_82' title='bbox 222 1189 514 1254; x_wconf 71' lang='lat' dir='ltr'>benedictio</span> <span class='ocrx_word' id='word_1_83' title='bbox 546 1189 872 1238; x_wconf 80' lang='lat' dir='ltr'>tribuebatur</span> <span class='ocrx_word' id='word_1_84' title='bbox 906 1190 1138 1238; x_wconf 83' lang='lat' dir='ltr'>Patribus</span> <span class='ocrx_word' id='word_1_85' title='bbox 1169 1206 1450 1257; x_wconf 84' lang='lat' dir='ltr'>congrega-</span> 
     </span>
     <span class='ocr_line' id='line_1_16' title="bbox 77 1268 1454 1335; baseline -0.001 -16"><span class='ocrx_word' id='word_1_86' title='bbox 77 1274 176 1330; x_wconf 78' lang='lat' dir='ltr'>tis,</span> <span class='ocrx_word' id='word_1_87' title='bbox 207 1270 467 1334; x_wconf 80' lang='lat' dir='ltr'>fiebatqve</span> <span class='ocrx_word' id='word_1_88' title='bbox 499 1268 813 1327; x_wconf 79' lang='lat' dir='ltr'>cohortatio,</span> <span class='ocrx_word' id='word_1_89' title='bbox 845 1285 1006 1335; x_wconf 82' lang='lat' dir='ltr'>grave</span> <span class='ocrx_word' id='word_1_90' title='bbox 1035 1269 1322 1335; x_wconf 81' lang='lat' dir='ltr'>Religionis</span> <span class='ocrx_word' id='word_1_91' title='bbox 1361 1286 1454 1318; x_wconf 90' lang='lat' dir='ltr'>ne-</span> 
     </span>
     <span class='ocr_line' id='line_1_17' title="bbox 77 1347 1451 1416; baseline 0.001 -18"><span class='ocrx_word' id='word_1_92' title='bbox 77 1353 306 1416; x_wconf 88' lang='lat' dir='ltr'>gotium,</span> <span class='ocrx_word' id='word_1_93' title='bbox 345 1360 399 1398; x_wconf 91' lang='lat' dir='ltr'>ut</span> <span class='ocrx_word' id='word_1_94' title='bbox 435 1351 548 1415; x_wconf 87' lang='lat' dir='ltr'>pari</span> <span class='ocrx_word' id='word_1_95' title='bbox 573 1347 720 1406; x_wconf 84' lang='lat' dir='ltr'>zelo,</span> <span class='ocrx_word' id='word_1_96' title='bbox 762 1351 989 1406; x_wconf 85' lang='lat' dir='ltr'>virtute,</span> <span class='ocrx_word' id='word_1_97' title='bbox 1028 1349 1336 1414; x_wconf 75' lang='lat' dir='ltr'>diligentia,</span> <span class='ocrx_word' id='word_1_98' title='bbox 1374 1363 1451 1399; x_wconf 81' lang='lat' dir='ltr'>at-</span> 
     </span>
     <span class='ocr_line' id='line_1_18' title="bbox 78 1427 1456 1494; baseline 0.001 -17"><span class='ocrx_word' id='word_1_99' title='bbox 78 1446 181 1493; x_wconf 84' lang='lat' dir='ltr'>qve</span> <span class='ocrx_word' id='word_1_100' title='bbox 216 1427 592 1486; x_wconf 86' lang='lat' dir='ltr'>sollicitudine,</span> <span class='ocrx_word' id='word_1_101' title='bbox 630 1428 883 1494; x_wconf 86' lang='lat' dir='ltr'>perficere</span> <span class='ocrx_word' id='word_1_102' title='bbox 914 1427 1285 1477; x_wconf 80' lang='lat' dir='ltr'>adniterentur.</span> <span class='ocrx_word' id='word_1_103' title='bbox 1361 1429 1456 1479; x_wconf 86' lang='lat' dir='ltr'>Or-</span> 
     </span>
     <span class='ocr_line' id='line_1_19' title="bbox 76 1506 1513 1574; baseline 0 -17"><span class='ocrx_word' id='word_1_104' title='bbox 76 1511 225 1557; x_wconf 85' lang='lat' dir='ltr'>navit</span> <span class='ocrx_word' id='word_1_105' title='bbox 257 1508 495 1557; x_wconf 76' lang='lat' dir='ltr'>eamdem</span> <span class='ocrx_word' id='word_1_106' title='bbox 539 1524 628 1556; x_wconf 80' lang='lat' dir='ltr'>sua</span> <span class='ocrx_word' id='word_1_107' title='bbox 667 1511 964 1574; x_wconf 81' lang='lat' dir='ltr'>praesentia</span> <span class='ocrx_word' id='word_1_108' title='bbox 999 1506 1235 1555; x_wconf 78' lang='lat' dir='ltr'>Placidus</span> <span class='ocrx_word' id='word_1_109' title='bbox 1273 1509 1456 1558; x_wconf 80' lang='lat' dir='ltr'>Marca</span> <span class='ocrx_word' id='word_1_110' title='bbox 1505 1507 1513 1523; x_wconf 93' lang='lat'>&#39;</span> 
     </span>
     <span class='ocr_line' id='line_1_20' title="bbox 77 1586 1454 1654; baseline 0.002 -20"><span class='ocrx_word' id='word_1_111' title='bbox 77 1587 362 1653; x_wconf 84' lang='lat' dir='ltr'>Episcopus</span> <span class='ocrx_word' id='word_1_112' title='bbox 416 1586 769 1653; x_wconf 84' lang='lat' dir='ltr'>Melphitanus</span> <span class='ocrx_word' id='word_1_113' title='bbox 827 1586 882 1651; x_wconf 86' lang='lat' dir='ltr'>e)</span> <span class='ocrx_word' id='word_1_114' title='bbox 939 1587 1077 1654; x_wconf 87' lang='lat' dir='ltr'>apud</span> <span class='ocrx_word' id='word_1_115' title='bbox 1113 1587 1454 1638; x_wconf 81' lang='lat' dir='ltr'>Maiestatem</span> 
     </span>
     <span class='ocr_line' id='line_1_21' title="bbox 75 1665 1452 1734; baseline 0.001 -19"><span class='ocrx_word' id='word_1_116' title='bbox 75 1665 608 1732; x_wconf 58' lang='lat' dir='ltr'>Regiamhlatthiam</span> <span class='ocrx_word' id='word_1_117' title='bbox 627 1668 691 1716; x_wconf 92' lang='lat' dir='ltr'>II.</span> <span class='ocrx_word' id='word_1_118' title='bbox 721 1684 836 1716; x_wconf 87' lang='lat' dir='ltr'>cum</span> <span class='ocrx_word' id='word_1_119' title='bbox 871 1678 1133 1734; x_wconf 74' lang='lat' dir='ltr'>potestate</span> <span class='ocrx_word' id='word_1_120' title='bbox 1161 1667 1346 1734; x_wconf 83' lang='lat' dir='ltr'>Legati</span> <span class='ocrx_word' id='word_1_121' title='bbox 1385 1667 1452 1716; x_wconf 89' lang='lat' dir='ltr'>de</span> 
     </span>
     <span class='ocr_line' id='line_1_22' title="bbox 74 1743 1453 1814; baseline 0.004 -22"><span class='ocrx_word' id='word_1_122' title='bbox 74 1743 239 1792; x_wconf 86' lang='lat' dir='ltr'>latere</span> <span class='ocrx_word' id='word_1_123' title='bbox 277 1744 538 1804; x_wconf 87' lang='lat' dir='ltr'>Nuncius,</span> <span class='ocrx_word' id='word_1_124' title='bbox 582 1749 669 1810; x_wconf 81' lang='lat' dir='ltr'>qvi</span> <span class='ocrx_word' id='word_1_125' title='bbox 713 1763 877 1813; x_wconf 76' lang='lat' dir='ltr'>pauca</span> <span class='ocrx_word' id='word_1_126' title='bbox 909 1747 1175 1814; x_wconf 84' lang='lat' dir='ltr'>praefatus</span> <span class='ocrx_word' id='word_1_127' title='bbox 1215 1747 1279 1797; x_wconf 92' lang='lat' dir='ltr'>de</span> <span class='ocrx_word' id='word_1_128' title='bbox 1315 1765 1453 1797; x_wconf 89' lang='lat' dir='ltr'>sum·</span> 
     </span>
     <span class='ocr_line' id='line_1_23' title="bbox 75 1822 1452 1895; baseline 0.004 -24"><span class='ocrx_word' id='word_1_129' title='bbox 75 1839 162 1871; x_wconf 84' lang='lat' dir='ltr'>ma</span> <span class='ocrx_word' id='word_1_130' title='bbox 199 1822 463 1872; x_wconf 87' lang='lat' dir='ltr'>Pontificis</span> <span class='ocrx_word' id='word_1_131' title='bbox 514 1826 566 1873; x_wconf 92' lang='lat' dir='ltr'>in</span> <span class='ocrx_word' id='word_1_132' title='bbox 616 1825 902 1874; x_wconf 83' lang='lat' dir='ltr'>Ecclesiam</span> <span class='ocrx_word' id='word_1_133' title='bbox 936 1827 1290 1893; x_wconf 80' lang='lat' dir='ltr'>Hungaricam</span> <span class='ocrx_word' id='word_1_134' title='bbox 1331 1845 1452 1895; x_wconf 89' lang='lat' dir='ltr'>pro-</span> 
     </span>
     <span class='ocr_line' id='line_1_24' title="bbox 72 1900 1349 1974; baseline 0.005 -25"><span class='ocrx_word' id='word_1_135' title='bbox 72 1904 351 1968; x_wconf 81' lang='lat' dir='ltr'>pensione,</span> <span class='ocrx_word' id='word_1_136' title='bbox 385 1900 746 1970; x_wconf 87' lang='lat' dir='ltr'>Apostolicum</span> <span class='ocrx_word' id='word_1_137' title='bbox 782 1904 954 1955; x_wconf 90' lang='lat' dir='ltr'>Breve</span> <span class='ocrx_word' id='word_1_138' title='bbox 988 1907 1251 1974; x_wconf 88' lang='lat' dir='ltr'>produxit.</span> <span class='ocrx_word' id='word_1_139' title='bbox 1289 1907 1349 1970; x_wconf 89' lang='lat' dir='ltr'>f)</span> 
     </span>
    </p>
   </div>
   <div class='ocr_carea' id='block_1_5' title="bbox 721 2010 1398 2071">
    <p class='ocr_par' dir='ltr' id='par_1_5' title="bbox 721 2010 1398 2071">
     <span class='ocr_line' id='line_1_25' title="bbox 721 2010 1398 2071; baseline 0.006 -18"><span class='ocrx_word' id='word_1_140' title='bbox 721 2011 742 2053; x_wconf 93' lang='grc' dir='ltr'>Ι</span> <span class='ocrx_word' id='word_1_141' title='bbox 773 2026 797 2056; x_wconf 81' lang='lat'><strong>2</strong></span> <span class='ocrx_word' id='word_1_142' title='bbox 1231 2010 1270 2071; x_wconf 56' lang='grc' dir='ltr'>ᾗ.</span> <span class='ocrx_word' id='word_1_143' title='bbox 1301 2011 1398 2057; x_wconf 80' lang='lat' dir='ltr'><strong>LII.</strong></span> 
     </span>
    </p>
   </div>
   <div class='ocr_carea' id='block_1_6' title="bbox 135 2101 1456 2640">
    <p class='ocr_par' dir='ltr' id='par_1_6' title="bbox 135 2101 1452 2298">
     <span class='ocr_line' id='line_1_26' title="bbox 135 2101 1452 2163; baseline 0.005 -20"><span class='ocrx_word' id='word_1_144' title='bbox 135 2101 188 2157; x_wconf 86' lang='lat' dir='ltr'>d)</span> <span class='ocrx_word' id='word_1_145' title='bbox 219 2102 340 2160; x_wconf 88' lang='lat' dir='ltr'>Lege</span> <span class='ocrx_word' id='word_1_146' title='bbox 372 2116 443 2158; x_wconf 85' lang='lat' dir='ltr'>ap.</span> <span class='ocrx_word' id='word_1_147' title='bbox 473 2102 684 2161; x_wconf 65' lang='lat' dir='ltr'>Peterffy</span> <span class='ocrx_word' id='word_1_148' title='bbox 712 2105 766 2149; x_wconf 93' lang='lat' dir='ltr'>T.</span> <span class='ocrx_word' id='word_1_149' title='bbox 798 2105 855 2151; x_wconf 91' lang='grc' dir='ltr'>ΙῘ.</span> <span class='ocrx_word' id='word_1_150' title='bbox 885 2119 991 2163; x_wconf 81' lang='lat' dir='ltr'>pag.</span> <span class='ocrx_word' id='word_1_151' title='bbox 1023 2118 1118 2150; x_wconf 77' lang='lat'><strong>202.</strong></span> <span class='ocrx_word' id='word_1_152' title='bbox 1176 2107 1222 2161; x_wconf 88' lang='lat' dir='ltr'>e)</span> <span class='ocrx_word' id='word_1_153' title='bbox 1254 2107 1325 2152; x_wconf 80' lang='lat' dir='ltr'>Ita</span> <span class='ocrx_word' id='word_1_154' title='bbox 1356 2107 1452 2161; x_wconf 88' lang='lat' dir='ltr'>qvi-</span> 
     </span>
     <span class='ocr_line' id='line_1_27' title="bbox 189 2171 1451 2230; baseline 0.006 -19"><span class='ocrx_word' id='word_1_155' title='bbox 189 2171 294 2212; x_wconf 89' lang='lat' dir='ltr'>dem</span> <span class='ocrx_word' id='word_1_156' title='bbox 325 2173 590 2215; x_wconf 80' lang='lat' dir='ltr'>nominatur</span> <span class='ocrx_word' id='word_1_157' title='bbox 620 2188 692 2227; x_wconf 76' lang='lat' dir='ltr'>ap.</span> <span class='ocrx_word' id='word_1_158' title='bbox 724 2171 932 2229; x_wconf 78' lang='lat' dir='ltr'>Peterffy</span> <span class='ocrx_word' id='word_1_159' title='bbox 963 2176 1016 2216; x_wconf 90' lang='lat' dir='ltr'>T.</span> <span class='ocrx_word' id='word_1_160' title='bbox 1048 2176 1105 2216; x_wconf 95' lang='lat' dir='ltr'>II.</span> <span class='ocrx_word' id='word_1_161' title='bbox 1139 2189 1187 2229; x_wconf 77' lang='lat' dir='ltr'>p.</span> <span class='ocrx_word' id='word_1_162' title='bbox 1218 2189 1309 2230; x_wconf 83' lang='lat'><strong>199.</strong></span> <span class='ocrx_word' id='word_1_163' title='bbox 1367 2179 1451 2219; x_wconf 87' lang='lat' dir='ltr'>Ve-</span> 
     </span>
     <span class='ocr_line' id='line_1_28' title="bbox 189 2240 1452 2298; baseline 0.007 -20"><span class='ocrx_word' id='word_1_164' title='bbox 189 2252 290 2279; x_wconf 86' lang='lat' dir='ltr'>rum</span> <span class='ocrx_word' id='word_1_165' title='bbox 323 2240 368 2281; x_wconf 90' lang='lat' dir='ltr'>in</span> <span class='ocrx_word' id='word_1_166' title='bbox 401 2254 474 2294; x_wconf 87' lang='lat' dir='ltr'>op.</span> <span class='ocrx_word' id='word_1_167' title='bbox 508 2242 634 2282; x_wconf 87' lang='lat' dir='ltr'>edito</span> <span class='ocrx_word' id='word_1_168' title='bbox 665 2243 840 2286; x_wconf 71' lang='lat' dir='ltr'>Romae</span> <span class='ocrx_word' id='word_1_169' title='bbox 871 2253 990 2284; x_wconf 81' lang='lat' dir='ltr'>anno</span> <span class='ocrx_word' id='word_1_170' title='bbox 1035 2253 1154 2295; x_wconf 75' lang='lat'><strong>1789.</strong></span> <span class='ocrx_word' id='word_1_171' title='bbox 1188 2244 1310 2298; x_wconf 90' lang='lat' dir='ltr'>qvod</span> <span class='ocrx_word' id='word_1_172' title='bbox 1342 2258 1452 2287; x_wconf 86' lang='lat' dir='ltr'>con·</span> 
     </span>
    </p>

    <p class='ocr_par' dir='ltr' id='par_1_7' title="bbox 159 2307 1456 2640">
     <span class='ocr_line' id='line_1_29' title="bbox 159 2307 1456 2364; baseline 0.007 -18"><span class='ocrx_word' id='word_1_173' title='bbox 159 2307 305 2355; x_wconf 25' lang='lat' dir='ltr'>,tinet</span> <span class='ocrx_word' id='word_1_174' title='bbox 343 2322 612 2363; x_wconf 87' lang='lat' dir='ltr'>responsum</span> <span class='ocrx_word' id='word_1_175' title='bbox 653 2311 725 2355; x_wconf 85' lang='lat' dir='ltr'>SS.</span> <span class='ocrx_word' id='word_1_176' title='bbox 767 2311 840 2351; x_wconf 87' lang='lat' dir='ltr'>Pii</span> <span class='ocrx_word' id='word_1_177' title='bbox 881 2312 951 2354; x_wconf 88' lang='lat' dir='ltr'>VI.</span> <span class='ocrx_word' id='word_1_178' title='bbox 982 2311 1042 2356; x_wconf 81' lang='lat' dir='ltr'>ad</span> <span class='ocrx_word' id='word_1_179' title='bbox 1081 2311 1349 2364; x_wconf 87' lang='lat' dir='ltr'>Electores,</span> <span class='ocrx_word' id='word_1_180' title='bbox 1380 2328 1456 2355; x_wconf 87' lang='lat' dir='ltr'>su-</span> 
     </span>
     <span class='ocr_line' id='line_1_30' title="bbox 186 2376 1448 2433; baseline 0.007 -19"><span class='ocrx_word' id='word_1_181' title='bbox 186 2386 268 2426; x_wconf 89' lang='lat' dir='ltr'>per</span> <span class='ocrx_word' id='word_1_182' title='bbox 298 2376 587 2433; x_wconf 77' lang='lat' dir='ltr'>Nunciaturis</span> <span class='ocrx_word' id='word_1_183' title='bbox 607 2378 915 2433; x_wconf 88' lang='lat' dir='ltr'>Apostolicis‚</span> <span class='ocrx_word' id='word_1_184' title='bbox 947 2380 1148 2421; x_wconf 79' lang='lat' dir='ltr'>deducta</span> <span class='ocrx_word' id='word_1_185' title='bbox 1177 2382 1316 2422; x_wconf 85' lang='lat' dir='ltr'>series</span> <span class='ocrx_word' id='word_1_186' title='bbox 1343 2383 1448 2423; x_wconf 89' lang='lat' dir='ltr'>Vin-</span> 
     </span>
     <span class='ocr_line' id='line_1_31' title="bbox 188 2440 1449 2503; baseline 0.011 -25"><span class='ocrx_word' id='word_1_187' title='bbox 188 2440 417 2486; x_wconf 79' lang='lat' dir='ltr'>dobonen.</span> <span class='ocrx_word' id='word_1_188' title='bbox 445 2444 664 2495; x_wconf 75' lang='lat' dir='ltr'>Nuncior,</span> <span class='ocrx_word' id='word_1_189' title='bbox 697 2446 804 2488; x_wconf 86' lang='lat' dir='ltr'>inde</span> <span class='ocrx_word' id='word_1_190' title='bbox 847 2448 903 2489; x_wconf 84' lang='lat' dir='ltr'>ab</span> <span class='ocrx_word' id='word_1_191' title='bbox 936 2462 1005 2492; x_wconf 72' lang='lat' dir='ltr'>an.</span> <span class='ocrx_word' id='word_1_192' title='bbox 1042 2461 1160 2503; x_wconf 76' lang='lat'><strong>1513.</strong></span> <span class='ocrx_word' id='word_1_193' title='bbox 1190 2449 1449 2503; x_wconf 81' lang='lat' dir='ltr'>compellat</span> 
     </span>
     <span class='ocr_line' id='line_1_32' title="bbox 186 2507 1444 2570; baseline 0.005 -14"><span class='ocrx_word' id='word_1_194' title='bbox 186 2507 430 2551; x_wconf 78' lang='lat' dir='ltr'>Placidum</span> <span class='ocrx_word' id='word_1_195' title='bbox 457 2514 636 2565; x_wconf 76' lang='lat' dir='ltr'>Marta,</span> <span class='ocrx_word' id='word_1_196' title='bbox 680 2516 759 2557; x_wconf 90' lang='lat' dir='ltr'>ubi</span> <span class='ocrx_word' id='word_1_197' title='bbox 805 2526 851 2558; x_wconf 89' lang='lat' dir='ltr'>et</span> <span class='ocrx_word' id='word_1_198' title='bbox 880 2517 951 2560; x_wconf 86' lang='lat' dir='ltr'>tit.</span> <span class='ocrx_word' id='word_1_199' title='bbox 985 2515 1284 2570; x_wconf 77' lang='lat' dir='ltr'>Episcopatus</span> <span class='ocrx_word' id='word_1_200' title='bbox 1317 2518 1444 2562; x_wconf 89' lang='lat' dir='ltr'>illius</span> 
     </span>
     <span class='ocr_line' id='line_1_33' title="bbox 189 2582 1448 2640; baseline 0.009 -24"><span class='ocrx_word' id='word_1_201' title='bbox 189 2584 258 2616; x_wconf 85' lang='lat' dir='ltr'>est</span> <span class='ocrx_word' id='word_1_202' title='bbox 289 2591 550 2633; x_wconf 67' lang='lat' dir='ltr'>expresmsg</span> <span class='ocrx_word' id='word_1_203' title='bbox 581 2595 721 2636; x_wconf 86' lang='lat' dir='ltr'>prout</span> <span class='ocrx_word' id='word_1_204' title='bbox 754 2586 927 2634; x_wconf 75' lang='lat' dir='ltr'>etiam,</span> <span class='ocrx_word' id='word_1_205' title='bbox 957 2599 1028 2639; x_wconf 80' lang='lat' dir='ltr'>ap.</span> <span class='ocrx_word' id='word_1_206' title='bbox 1053 2582 1280 2640; x_wconf 76' lang='lat' dir='ltr'>Batthya&#39;n</span> <span class='ocrx_word' id='word_1_207' title='bbox 1314 2587 1448 2627; x_wconf 78' lang='lat' dir='ltr'>inse-</span> 
     </span>
    </p>
   </div>
   <div class='ocr_carea' id='block_1_7' title="bbox 184 2643 1448 2769">
    <p class='ocr_par' dir='ltr' id='par_1_8' title="bbox 184 2643 1448 2765">
     <span class='ocr_line' id='line_1_34' title="bbox 185 2643 1448 2756; baseline 0.012 -74"><span class='ocrx_word' id='word_1_208' title='bbox 185 2643 252 2683; x_wconf 86' lang='lat' dir='ltr'>rie</span> <span class='ocrx_word' id='word_1_209' title='bbox 292 2646 974 2756; x_wconf 61' lang='grc' dir='ltr'>Ερρ.011ᾱ11ειᾱ.ρ.17,3.ἰ)</span> <span class='ocrx_word' id='word_1_210' title='bbox 1014 2656 1095 2710; x_wconf 78' lang='lat' dir='ltr'>Ap,</span> <span class='ocrx_word' id='word_1_211' title='bbox 1128 2652 1338 2710; x_wconf 73' lang='lat' dir='ltr'>Peterffy</span> <span class='ocrx_word' id='word_1_212' title='bbox 1369 2655 1448 2697; x_wconf 86' lang='lat' dir='ltr'>cit.</span> 
     </span>
     <span class='ocr_line' id='line_1_35' title="bbox 184 2712 368 2769; baseline 0.018 -18"><span class='ocrx_word' id='word_1_213' title='bbox 184 2712 368 2769; x_wconf 71' lang='lat' dir='ltr'>pagina.</span> 
     </span>
    </p>
   </div>
  </div>
 </body>
</html>
