1779 3128
298 181 387 240 146
878 190 1060 208 ·“··“·“·

163 324 165 327 ’
223 338 226 343 ,
291 316 409 352 tunc
446 300 563 350 Saul
601 313 739 361 erat,
783 304 1097 352 commoneri
1130 304 1322 363 iussus,
1359 303 1415 368 q)
1458 313 1510 351 ut
1544 312 1655 352 erat

291 381 467 431 indole
506 399 595 429 sua
631 386 789 440 mitis,
827 383 948 431 facti
976 387 1050 431 sui
1075 386 1371 448 poenitens,
1410 381 1655 430 dam‘num

291 463 573 509 resarcivit.
658 460 921 509 Boleslaus
968 473 1135 510 autem
1182 461 1465 528 Episcopus
1493 498 1508 521 ,
1562 460 1656 509 do-

291 556 433 587 mum
475 539 793 605 Religiosam
829 540 891 588 ab
929 558 980 588 se
1017 541 1312 600 fundatam,
1366 545 1542 607 vigore
1580 552 1667 608 te-¹

244 682 246 688 ,
292 621 561 676 stamenti,
611 619 751 682 qvod
797 619 1096 668 condiderat
1142 637 1275 667 anno
1334 633 1470 673 1214.
1520 620 1659 667 locu·
1709 671 1711 674 ¹
1777 654 1779 685 3

292 697 532 764 pletavit.
570 696 621 759 r)
697 698 954 746 Sollicitus
1003 716 1127 747 vero
1164 716 1263 746 non
1310 699 1373 747 de
1413 702 1656 746 materia-

295 777 423 824 libus
460 787 689 834 tantum,
726 776 816 825 sed
853 776 916 825 de
953 781 1084 825 vivis
1127 781 1283 826 etiam
1310 778 1511 842 templis
1542 777 1659 835 Dei,

298 858 570 919 qvotannis
619 856 990 904 Dioecesanam
1040 855 1303 921 Synodum
1355 871 1507 921 agere
1545 855 1660 902 soli·

292 946 404 991 tus,
457 933 703 998 qvidnam
751 935 815 982 ibi
858 937 1176 1000 potissimum
1231 938 1425 1000 egerit,
1479 933 1659 982 literae

292 1013 367 1061 illi
411 1013 608 1070 Roma,
658 1030 752 1079 per
800 1012 1159 1061 Coelestinums
1196 1014 1284 1070 III.
1332 1028 1464 1062 an-no
1519 1025 1660 1071 1193.

295 1095 620 1140 transmissae
673 1091 891 1150 docent,
946 1108 1099 1154 qvaS,
1151 1110 1241 1140 ceu
1291 1092 1477 1141 breves
1510 1128 1524 1150 ,
1579 1090 1661 1139 hic

296 1172 438 1235 lege:
486 1175 550 1219 B.
608 1174 843 1217 Vaciensi
886 1174 1148 1234 Episcopo,
1230 1173 1451 1219 Salutem
1499 1182 1547 1218 et
1587 1176 1657 1218 A·
1728 1171 1731 1173 ’

289 1262 423 1314 post.
464 1252 881 1299 Benedictionem.
962 1253 1049 1298 Ex
1088 1261 1236 1312 parte
1286 1254 1520 1313 siquidem
1569 1260 1659 1296 tua

297 1334 485 1377 nostris
521 1332 638 1392 fuit
698 1331 904 1377 auribus
953 1333 1236 1376 intimatum
1262 1366 1278 1388 ‚
1331 1332 1462 1393 qvod
1482 1362 1497 1385 ,
1552 1346 1661 1376 cum

295 1411 597 1473 Presbyteri
628 1420 744 1456 tuae
777 1409 1067 1473 Dioecesis,
1123 1426 1362 1472 nunquam
1399 1411 1469 1454 ad
1499 1408 1662 1472 Syno-

297 1491 412 1534 a’mn
459 1492 801 1546 convenirent,
852 1497 907 1533 tu
924 1522 939 1545 ,
988 1491 1120 1534 sicut
1168 1490 1244 1533 vir
1285 1489 1530 1533 discretus
1549 1523 1564 1544 ,
1613 1495 1663 1532 et

294 1557 533 1616 providus
550 1591 565 1613 ,
594 1557 854 1617 diligenter
877 1555 1168 1607 attendens,
1201 1556 1356 1616 qvod,
1393 1556 1503 1616 qvia
1532 1569 1667 1598 num-

296 1650 437 1695 quam
487 1635 881 1679 exhortationem
939 1635 1023 1678 sui
1078 1634 1321 1694 Episcopi
1377 1632 1664 1688 audiebant,

301 1729 387 1759 nec
417 1712 755 1773 percipiebant
790 1714 1147 1757 correctionem
1181 1727 1386 1756 suorum
1436 1725 1665 1756 excessu-

305 1809 419 1849 um,
457 1793 505 1836 in
541 1793 642 1847 eis,
692 1799 740 1835 et
793 1807 959 1835 eorum
998 1790 1213 1836 subditis
1260 1789 1529 1851 apparebat
1563 1805 1666 1833 mo-

301 1888 411 1916 rum
448 1871 600 1916 nimia
638 1871 920 1929 corruptela
940 1904 955 1927 ,
994 1878 1043 1914 et
1080 1872 1226 1914 nimis
1262 1868 1542 1914 existebant
1575 1869 1666 1912 im-

293 1950 480 2010 periti,
528 1958 576 1993 et
622 1949 770 1993 rudes
817 1949 865 1992 in
914 1949 1130 2009 regenda
1179 1949 1454 1992 animarum
1502 1961 1623 1990 cura
1642 1962 1663 2003 ‚·

299 2029 472 2073 habito
514 2027 729 2072 Consilio
769 2026 889 2071 Ven.
920 2027 1118 2071 Fratris
1149 2026 1313 2091 nostri
1345 2024 1437 2069 Iob
1468 2024 1666 2068 Metro-

295 2106 513 2166 politani
547 2106 653 2157 tui,
690 2113 738 2148 et
770 2112 826 2148 ut
862 2119 1025 2149 omnes
1063 2104 1390 2167 Presbyteri,
1430 2112 1478 2147 et
1514 2103 1668 2148 Prae-

302 2186 400 2228 lati
431 2193 546 2228 tuae
591 2183 851 2228 Dioecesis
899 2183 1153 2227 annuatim
1208 2185 1257 2226 in
1303 2183 1568 2226 nativitate
1600 2183 1668 2228 B.

305 2263 392 2309 M.
448 2263 669 2323 Virginis
718 2263 936 2305 venirent
986 2262 1058 2304 ad
1096 2269 1232 2304 tuam
1268 2259 1553 2321 Synodum,
1592 2261 1671 2304 de·

308 2341 600 2386 liberatione
631 2340 845 2400 provida
878 2340 1145 2396 statuisti,
1182 2347 1230 2382 et
1270 2340 1503 2399 quasdam
1539 2339 1671 2383 deci-

1218 2421 1220 2428 '
1475 2431 1601 2473 mas,

312 2547 368 2600 q)
404 2547 484 2598 Ap.
528 2544 737 2601 Pt‘terffy
779 2547 999 2604 leguntur
1046 2547 1131 2588 hae
1181 2545 1347 2587 literae
1400 2545 1479 2585 cit.
1519 2551 1673 2597 parte,

418 2626 524 2668 pag·
557 2617 623 2660 86.
691 2613 735 2667 r)
767 2616 876 2656 Vide
918 2629 988 2668 ap.
1027 2615 1119 2657 RR.
1163 2619 1373 2665 Katona,
1410 2613 1524 2656 Hist.
1566 2611 1668 2654 crit.

422 2680 475 2724 R.
507 2681 656 2738 Hung.
686 2681 833 2722 Tomo
865 2684 912 2724 V.
946 2697 1050 2742 pag.
1087 2692 1176 2733 181.
