1779 3128
3 1327 30 1387 ’,ς’-,ἵ
19 1310 21 1314 .

720 207 905 224 “““““““
1405 207 1498 256 293

121 341 270 379 num,
308 336 555 367 carcerem
594 321 945 366 damnatorum
969 354 984 377 ‚
1035 323 1241 366 tertium
1277 320 1396 364 dari
1424 319 1497 363 lo-

123 421 265 458 cum,
302 403 350 447 in
392 418 481 463 qvo
518 403 712 446 animae
740 401 1092 461 defunctorum
1123 400 1336 445 nondum
1370 399 1500 443 satis

120 484 371 543 expiatae,
406 483 709 539 detinentur,
749 497 809 526 ac
839 479 1192 540 purificantur.
1263 477 1350 524 IV.
1389 477 1499 538 Spi-

119 564 273 608 ritum
302 561 572 617 Sanctam,
612 563 813 606 tertiam
841 562 890 605 in
924 560 975 606 T
969 561 1177 606 rinitate
1202 558 1499 616 Personam,

121 660 153 688 a
188 643 382 698 Patre,
435 651 485 687 et
519 643 647 688 Filio
689 641 972 701 procedere.
1057 635 1189 684 Acta
1227 647 1343 684 sunt
1373 635 1502 685 haec

118 718 284 769 Albae
321 719 518 778 Iuliae,
572 735 702 782 qvae
751 715 905 764 hodie
955 715 1090 765 Alba
1128 715 1372 764 Carolina
1407 733 1502 764 vo·

120 810 295 858 catur,
351 799 433 847 die
469 814 517 859 7.
558 798 799 847 Octobris
850 813 982 844 anno
1035 797 1178 858 1693.
1214 812 1316 861 qva
1354 812 1503 844 occa-

121 881 302 937 sione,
353 880 620 944 octoginta
672 877 1017 926 Valachorum
1056 875 1254 936 millia,
1310 876 1504 923 Roma·

122 974 221 1006 nae
260 958 524 1007 Ecclesiae
561 960 817 1025 gremium
855 970 968 1007 sunt
996 960 1231 1023 ingressi.
1306 957 1505 1005 Primas

119 1036 218 1085 hac
256 1040 307 1086 in
343 1056 396 1086 re
435 1049 659 1088 navante
699 1054 845 1088 curas
878 1075 892 1096 ‚
942 1036 1219 1086 Cardinale
1266 1035 1505 1086 Kolloni-

121 1120 228 1169 csio
259 1154 273 1176 ,
328 1116 578 1167 secundas
626 1135 751 1169 vero
781 1155 795 1176 ,
845 1118 993 1168 Patre
1043 1116 1300 1184 Stephano
1346 1115 1503 1164 Bara-

121 1199 211 1262 nyi
250 1199 299 1244 in
339 1197 542 1257 Patria,
581 1209 629 1246 et
669 1198 724 1247 P.
764 1197 1012 1246 Gabriele
1041 1198 1352 1262 ‘Hevenessy
1381 1196 1507 1243 Vin-

92 1276 392 1336 .dobonae‚
432 1277 518 1327 ubi
560 1275 748 1325 arduas
789 1289 1017 1342 qvasqve
1055 1275 1390 1324 difficultates
1429 1275 1507 1324 di-

123 1357 220 1406 luit
268 1356 407 1426 apud
459 1356 772 1417 Caesarem,
822 1373 878 1404 ac
934 1359 1224 1409 enervavit.
1291 1353 1510 1404 Valachi

123 1454 282 1496 vero,
322 1435 461 1485 haud
499 1439 730 1485 contenti
766 1436 977 1505 publica
1016 1436 1341 1503 professione
1381 1434 1509 1484 fidei

128 1516 428 1566 Catholicae
459 1554 474 1576 ‚
526 1520 631 1565 eius
680 1519 988 1565 memoriam
1037 1519 1325 1584 posteritati
1381 1532 1510 1579 qvo-

128 1614 228 1662 qve
267 1597 530 1656 relicturi,
572 1595 674 1645 hoc
713 1596 1082 1645 documentum
1134 1594 1508 1645 condiderunt:

124 1680 235 1727 Nos
263 1681 589 1742 infrascripti
606 1680 868 1727 Ecclesiae
902 1681 1207 1726 Valackicae
1242 1681 1291 1724 in
1326 1679 1512 1724 Trans-

124 1761 343 1806 silvania
371 1794 386 1817 ,
450 1759 777 1821 partibusque
843 1761 892 1805 ei
939 1761 1147 1806 annexis
1205 1761 1507 1820 Episcopus,

126 1839 571 1897 Ανεῆι··1)ι·αεοηι·,
612 1855 674 1885 ac
705 1840 876 1886 Clerzcs
914 1842 1204 1897 universus,
1242 1840 1510 1884 memoriae

130 1920 529 1965 commendamus
576 1927 747 1965 tenore
792 1925 1168 1979 praesentium,
1218 1921 1390 1981 qvibus
1426 1935 1511 1965 ex-

121 1994 264 2060 pe'dit
302 2001 546 2045 universis
577 2034 593 2057 ‚
648 2001 866 2045 maxime
918 2016 1033 2044 vero
1084 1999 1306 2061 Inclytis
1342 1987 1516 2061 Re'gni

11 2068 25 2120 ᾗ
66 2130 68 2132 ,
131 2079 537 2142 Transylvaniae
575 2078 823 2125 Statibas.
904 2080 1232 2127 Considerata
1276 2088 1378 2125 tam
1403 2076 1512 2138 sla·

129 2175 200 2204 xa
237 2161 480 2203 humanae
515 2161 649 2204 vitae
680 2159 1019 2204 instabilitate
1040 2193 1055 2217 ,
1094 2167 1198 2203 tum
1225 2161 1375 2204 etiam
1407 2160 1512 2205 ani·

129 2254 271 2294 mae,
311 2241 465 2283 caius
512 2240 560 2284 ir
611 2239 836 2284 omnibus
879 2241 1050 2298 potior
1103 2254 1225 2283 cura
1258 2238 1507 2298 habenda,

135 2319 557 2376 immortalitate,
613 2319 796 2375 libere,
852 2335 914 2363 ac
947 2326 1121 2378 sponte
1169 2318 1382 2377 impulsu
1416 2318 1514 2365 Di·

132 2399 240 2444 vini
276 2397 510 2445 Numinis
536 2433 551 2458 ‚
608 2415 716 2444 cum
754 2399 986 2444 Ecclesia
1019 2397 1512 2443 Romano-Catholi-

133 2495 194 2524 ca
232 2480 455 2523 unionem
511 2480 726 2533 inimus,
780 2479 1084 2539 eiasa'emqve
1132 2476 1348 2524 Sanctae
1385 2477 1513 2524 Ma·

134 2561 230 2604 tris
265 2558 815 2604 Romano-Catholicae
852 2558 1112 2604 Ecclesiae
1159 2558 1511 2614 commembra,

136 2654 224 2686 nos
261 2647 431 2684 tenore
460 2641 795 2698 praesentium
833 2639 1146 2684 declaramus
1162 2655 1185 2699 ‚·
1229 2639 1392 2684 omnia
1425 2639 1513 2683 ad·
1548 2691 1554 2699 ,

1332 2719 1449 2768 mit·
