1779 3128
688 167 874 195 *ξε-
1363 167 1455 214 145

86 284 256 347 prima
308 277 734 344 qvadragesimae
787 278 1115 328 hebdomada
1148 315 1161 338 ,
1214 276 1456 325 Praesule

89 362 229 409 dicto
267 376 381 408 cum
419 357 694 405 Canonicis
740 359 1132 424 completorium
1181 356 1460 406 decantan-

88 452 138 489 te
160 478 175 499 ,
215 436 581 488 Cathedralem
610 437 893 486 Ecclesiam
929 440 1215 503 ingressus,
1254 437 1460 491 clavem

88 521 295 568 sacrarii
333 519 658 584 poposcerit,
715 516 1032 582 Episcopum
1081 533 1208 564 vero
1258 518 1460 564 iusserit

87 602 259 658 exire,
298 609 454 662 atqve
493 597 756 644 nolentem
793 596 1042 660 obseqvi,
1093 598 1314 662 propriis
1349 612 1458 643 ma·

85 679 233 726 nibus
271 677 587 726 abstractum
624 693 653 724 a
689 693 888 724 summo
925 674 1085 741 gradu
1116 675 1318 734 altaris,
1357 686 1464 725 ter·

87 774 173 806 rae
212 757 434 816 aliserit,
473 773 628 820 qvem
664 754 895 803 homines
934 754 1087 818 Regii
1126 771 1187 801 ex
1226 754 1462 802 Ecclesia

86 848 348 903 raptatum
397 835 695 893 violenter,
762 837 1076 883 semivivum
1119 833 1459 897 reliqverunt.

87 916 265 979 Atqve
302 927 425 963 tunc
451 914 592 975 Rex,
628 914 889 979 perfracto
916 916 1125 962 sacrarii
1151 916 1281 962 ostio
1301 951 1317 975 ,
1349 917 1461 962 vio-

84 994 309 1058 latisqve
338 996 564 1053 scriniiS,
603 993 898 1042 thesaurum
928 993 1220 1052 Ecclesiae,
1257 1009 1316 1042 ac
1340 1009 1461 1058 pro-

88 1076 259 1139 priam
305 1069 547 1137 Episcopi
595 1088 878 1130 summam,
927 1089 1062 1136 qvae
1112 1070 1287 1120 domui
1336 1073 1459 1125 reli-

83 1155 263 1218 giosae
312 1152 659 1208 Lelei'ziensi,
707 1167 802 1216 pro
853 1150 1122 1199 Canonicis
1178 1152 1459 1200 Praemon-

85 1226 421 1280 stratensibus
490 1229 844 1278 aedificandae
870 1267 885 1290 ,
949 1230 1119 1280 fuerat
1181 1229 1460 1289 destinata,

82 1312 293 1376 proprio
332 1307 530 1356 addixit
569 1308 708 1357 fisco,
779 1309 1112 1357 Postmodum
1143 1327 1301 1368 verO,
1339 1327 1461 1360 cum

85 1388 369 1455 Episcopus
417 1391 468 1436 in
508 1388 739 1436 Ecclesia
785 1389 954 1436 taliter
1002 1389 1228 1448 violata,
1266 1389 1460 1438 Divina

74 1466 427 1534 <prohibuisset
467 1467 646 1515 officia
681 1467 958 1527 celebrari,
997 1467 1110 1516 Rex
1147 1471 1193 1517 ei
1225 1467 1460 1517 decimas

85 1550 264 1612 negari
313 1550 458 1594 iussit
487 1583 502 1605 ,
559 1548 832 1610 vetuitqve
884 1550 1088 1596 nuntios
1135 1548 1263 1596 illius
1294 1584 1309 1606 ,
1367 1549 1461 1598 sub

84 1642 255 1692 poena
306 1624 651 1674 eruendorum
701 1626 1004 1686 oculorum,
1059 1626 1236 1694 egredi
1270 1627 1457 1677 limites

80 1704 410 1770 Hungariae,
448 1708 590 1768 qvasi
625 1709 777 1754 tacite
815 1705 1120 1772 prohibenS,
1177 1706 1348 1756 ne>ad
1383 1706 1458 1756 A-

81 1785 389 1851 postolicam
426 1783 614 1833 Sedem
651 1785 990 1847 accederent,
1028 1804 1182 1853 super
1219 1785 1292 1835 his
1330 1804 1456 1852 qve-

83 1866 358 1910 rimoniam
410 1861 646 1914 delaturi.
733 1865 809 1914 Ac
856 1865 968 1914 Rex
1014 1866 1224 1930 qvidem
1268 1869 1458 1917 iccirco

84 1941 149 1990 ab
177 1943 474 1991 Innocentio
503 1944 591 1991 ΙΙΙ.
619 1944 759 2010 Papa
792 1949 1162 2005 commonitus,
1196 1946 1259 2012 p)
1301 1957 1459 2010 atqve

82 2023 277 2081 etiam,
321 2039 415 2088 per
461 2021 802 2073 Colocensem
847 2025 1335 2092 Archiepiscopum,
1373 2028 1461 2089 qvi

1269 2115 1390 2153 tu'nc

138 2255 191 2313 p)
222 2257 461 2314 Leguntur
492 2260 647 2313 Papae
677 2259 874 2309 literae,
915 2274 1028 2315 qvae
1059 2259 1174 2302 haec
1206 2260 1361 2306 omnia
1390 2269 1456 2305 ta-

193 2325 227 2365 li
260 2336 394 2379 pacto
427 2337 647 2377 narrant,
680 2329 813 2372 datae
845 2329 1093 2378 Laterani,
1138 2329 1216 2371 XI.
1249 2328 1350 2372 Kal.
1385 2330 1458 2370 Iu-

191 2391 276 2441 lii,
306 2408 424 2436 anno
458 2409 578 2448 1199.
612 2411 683 2450 ap.
716 2393 925 2451 Peterffy
953 2397 1006 2437 T.
1040 2398 1074 2441 I.
1104 2410 1211 2453 pag.
1243 2407 1310 2449 84.
1341 2397 1454 2440 edit.

193 2457 365 2506 Poson.
395 2461 452 2504 Et
484 2478 555 2519 ap.
589 2465 878 2507 Desericium
909 2465 956 2506 in
987 2464 1093 2506 hist.
1126 2467 1239 2519 Epp.
1272 2465 1455 2507 Vacien.

194 2538 294 2580 cap,
336 2543 377 2582 7·

748 2668 798 2719 K
