1779 3128
329 196 421 247 170
919 195 1100 229 m

856 298 906 371 ς.
978 305 1144 355 Lxx.

786 453 1203 532 Proseqmctio.

448 622 526 672 Ne
563 624 829 691 prolixitas
864 627 1157 676 molestiam
1197 626 1420 676 facessat
1457 628 1690 685 Lector-i,
1742 661 1744 663 -

316 701 556 752 bifariam
593 705 747 753 divisi
783 722 1037 765 canones,
1089 723 1214 770 qvos
1269 710 1341 754 ita
1375 717 1691 773 proseqvorss

316 780 499 834 Canon
538 799 616 839 24.
655 782 921 844 decernit,
960 796 1014 833 ut
1050 784 1350 834 mandatum
1388 803 1541 851 super
1579 786 1693 837 tali-

312 858 437 920 bus,
477 878 610 925 qvae
647 880 784 913 nunc
817 875 1106 914 memorata
1143 875 1258 912 sunt
1296 864 1520 923 habenS,
1556 864 1688 913 rela-
1738 902 1744 914 t

313 942 511 989 tionem
542 942 914 1008 subscriptam,
952 953 1001 990 et
1039 945 1292 1008 signatam
1331 953 1574 1008 praestet.
1614 957 1690 1000 25.

315 1017 509 1068 Coram
546 1020 834 1069 Interdictis
882 1032 969 1069 aut
1017 1024 1511 1080 excommunicatis,
1560 1023 1690 1069 Mis-

256 1159 257 1162 *
315 1114 427 1146 sam
464 1115 617 1146 nemo
641 1099 883 1148 celebret.
957 1101 1034 1148 26.
1064 1101 1347 1167 Religiosi,
1381 1103 1689 1167 praeprimis

320 1189 626 1243 apostatae,
672 1179 760 1226 vel
805 1181 953 1244 vagi,
1005 1179 1200 1243 absqve
1249 1197 1500 1229 consensu
1540 1180 1691 1230 Prae·-

312 1259 473 1323 positi
510 1256 576 1304 ad
612 1257 864 1323 populum
900 1259 1105 1316 dicere,
1153 1258 1241 1306 vel
1289 1257 1534 1306 exaudire
1573 1275 1691 1306 con-

318 1336 570 1384 fessiones
618 1353 683 1384 ne
730 1339 980 1386 sinantur.
1069 1350 1145 1396 27.
1201 1337 1512 1402 Qvaestores
1555 1337 1691 1383 elee-

316 1418 618 1477 mosinarii,
666 1416 862 1480 absqve
912 1416 1085 1465 literis
1123 1414 1517 1481 Archiepiscopi
1569 1417 1694 1466 Stri-

317 1497 612 1560 goniensis,
649 1495 737 1543 vel
777 1496 1122 1561 Scepusiensis
1163 1495 1449 1562 Praepositi
1486 1531 1500 1553 ,
1551 1494 1694 1546 colli-

316 1590 441 1638 gere
484 1577 730 1639 pecunias
782 1591 846 1622 ne
896 1577 1282 1640 permittuntor.
1372 1582 1449 1627 28·
1502 1573 1693 1622 Clerici

319 1653 372 1699 in
412 1651 601 1712 choro,
651 1664 702 1702 et
739 1656 791 1702 in
828 1653 1060 1704 Ecclesia
1097 1651 1404 1703 abstinendo
1452 1652 1514 1703 ab
1551 1652 1696 1706 inde·

318 1734 483 1791 coris,
533 1730 587 1782 id
637 1744 824 1798 agant,
873 1731 1014 1797 qvod
1066 1749 1208 1782 sacer
1255 1733 1400 1785 locus
1437 1732 1691 1798 deposcit.

319 1825 401 1858 20.
439 1811 495 1858 In
530 1811 760 1860 Ecclesia
812 1812 900 1859 vel
938 1815 1251 1863 coemeterio
1289 1811 1587 1869 nundinae,
1638 1827 1698 1860 ae

318 1890 515 1938 iudicia
553 1891 836 1938 saecularia
871 1908 936 1940 ne
975 1894 1328 1941 instituantur.
1399 1903 1482 1948 3ο.
1523 1889 1693 1941 Male-

319 1968 514 2027 factor,
549 1980 756 2035 praeter
790 1970 1050 2019 latronem
1086 1981 1393 2020 nocturnum
1415 2007 1429 2030 ,
1480 1969 1567 2019 vel
1604 1986 1695 2017 no-

319 2058 561 2097 cturnum
610 2047 1041 2115 depraedatorem
1086 2065 1357 2115 agrorum,
1415 2065 1476 2096 ex
1517 2047 1694 2095 Eccle-

320 2129 438 2186 sia,
498 2127 586 2175 vel
632 2131 944 2178 coemeterio
998 2144 1327 2192 neqvaqvam
1382 2126 1695 2184 extrahatur,

320 2206 414 2253 sub
465 2208 1002 2258 excommunicatione
1048 2210 1158 2274 ipso
1204 2209 1314 2257 iure
1365 2204 1693 2264 incurrenda,

321 2295 375 2331 et
410 2284 756 2349 persolutione
795 2284 976 2335 decem
1002 2301 1292 2335 marcarum
1326 2287 1557 2350 argenti,
1598 2285 1693 2331 Ec-

321 2361 511 2415 clesiae
551 2363 868 2430 Collegiatae
906 2363 1232 2430 praestanda.
1322 2364 1467 2429 Qvae
1505 2367 1692 2412 consti-

323 2444 454 2492 tutio
495 2442 820 2506 freqventius
861 2461 890 2493 a
927 2443 1162 2492 Parochis
1200 2443 1574 2509 promulgetur.
1628 2443 1694 2490 E-

323 2524 510 2585 iusqve
562 2522 874 2583 violatores,
926 2522 1135 2588 singulis
1186 2523 1364 2582 festis,
1415 2539 1574 2586 usqve
1625 2519 1693 2571 ad

325 2600 611 2672 Praepositi
661 2602 818 2655 aliam
869 2601 1264 2668 dispositionem
1295 2638 1310 2664 ,
1361 2601 1565 2670 Publice
1604 2599 1692 2649 de-

1500 2696 1630 2733 nun·
