1779 3128
344 193 437 243 192·
928 178 1114 208 Ξ

337 302 407 352 X.
444 301 696 367 gratiam,
735 313 798 346 ea
834 295 898 346 de
934 313 1100 358 causa,
1141 314 1297 363 qvam
1334 299 1386 348 in
1425 298 1588 347 literis
1625 297 1710 346 die

340 383 564 447 septima
600 378 752 437 Iulii,
800 392 935 425 anno
991 391 1131 438 1517.
1181 377 1248 426 ad
1283 379 1573 427 Berisloum
1621 377 1710 426 da·

339 464 441 518 tiS,
475 459 650 508 taliter
689 469 1040 524 expresserat:
1078 463 1229 525 Qvod
1252 464 1300 508 in
1336 480 1515 526 magno
1551 479 1712 508 nume-

343 560 433 600 ro,
473 559 568 588 non
606 550 718 587 erat
738 542 930 604 futura
963 542 1211 599 illustris,
1264 552 1313 588 et
1348 546 1548 606 egregia
1581 561 1712 588 com-

341 623 629 680 mendatio,
683 631 732 667 et
776 621 1067 682 testfficatio
1120 624 1387 685 dt‘gnc'tattls‘
1434 613 1710 667 Berisla'ia-

344 706 473 758 nae,
510 717 629 764 qvae
665 717 792 747 nunc
826 719 919 747 non
967 703 1323 762 praetermissa
1373 712 1481 757 est,
1529 706 1619 748 sed
1646 704 1734 747 ad·

340 783 667 843 propingvum
705 790 894 841 tempus
929 782 1198 826 translata.
1237 777 1298 841 b)
1372 777 1583 827 Carolus
1618 796 1710 826 ve-

342 874 400 905 ro
435 858 752 923 Imperator,
791 856 919 905 datis
956 856 1021 904 ad
1052 857 1293 906 eumdem
1321 856 1481 904 literis
1516 856 1597 905 die
1632 860 1713 904 vi·

345 939 542 1002 gesima
590 938 741 984 tertia
790 937 921 983 Iunii
954 973 986 995 ,.
1018 953 1150 984 anno
1193 952 1330 995 1520.
1370 935 1578 985 aiebat:
1630 939 1714 986 De
1777 947 1779 969 ἱ

348 1018 614 1078 Pontfficis
662 1018 968 1079 benignitate
995 1052 1011 1074 ,
1061 1020 1111 1063 .ςὶ
1156 1019 1252 1064 tibi
1282 1021 1444 1064 omnia
1474 1020 1714 1079 promise-

345 1101 454 1155 τίς,
493 1115 586 1143 ηοη
611 1097 833 1158 falleris.
873 1094 926 1157 c)
1003 1093 1103 1143 Sed
1140 1098 1241 1143 iam
1270 1099 1449 1144 ceteris
1478 1094 1560 1142 hic
1595 1094 1713 1142 bre-

345 1177 522 1223 vitatis
571 1190 724 1222 causa
760 1177 1171 1240 praetermissis,
1229 1192 1381 1224 unum
1419 1175 1470 1222 id
1509 1174 1713 1221 silentio

345 1253 691 1322 premendum
725 1270 826 1301 non
864 1264 969 1312 est,
1020 1254 1156 1317 qvod
1193 1265 1504 1302 memoratus
1542 1253 1714 1302 Ponti-

347 1333 466 1392 fex,
505 1344 761 1380 sacratum
803 1336 1060 1381 consvetis
1087 1333 1267 1381 ritibus
1301 1333 1496 1399 pileum
1525 1343 1574 1380 et
1606 1331 1713 1398 gla-

347 1411 522 1471 dium,
575 1410 745 1471 eidem
799 1412 1057 1471 praesuli,
1106 1412 1248 1460 velut
1299 1429 1499 1459 summo
1538 1422 1717 1460 contra

348 1494 588 1540 inimicos
628 1490 804 1539 Crucis
845 1490 1061 1548 Christi,
1099 1502 1254 1556 atqve
1285 1490 1714 1547 Christianorum,

347 1571 508 1620 Heroi
545 1572 908 1618 transmiserit:
949 1569 1008 1632 d)
1050 1569 1145 1618 Cui
1179 1582 1355 1619 tamen
1389 1573 1494 1618 eius
1531 1569 1714 1619 honori

348 1666 485 1697 mors
535 1649 762 1707 obstitit,
812 1664 967 1712 qvam
1017 1649 1219 1698 subibat
1270 1649 1354 1698 die
1407 1666 1484 1698 20.
1522 1651 1712 1698 mensis

351 1729 516 1787 Maii,
554 1744 686 1775 anno
730 1740 868 1786 1520.
906 1727 971 1776 ad
1023 1744 1228 1775 amnem
1264 1729 1623 1777 Korenicziam
1662 1730 1720 1777 in*

344 1808 565 1857 «insidias
602 1805 896 1856 Turcarum
933 1809 1319 1874 praecipitatus.
1356 1808 1411 1870 e)

1343 2335 1392 2406 ς.
1427 2339 1648 2389 LXXX.

408 2485 461 2542 b)
495 2489 581 2532 cit.
625 2501 782 2541 opusc.
825 2501 928 2544 pag.
960 2500 1028 2542 50.
1103 2485 1148 2539 c)
1178 2486 1355 2528 Ibidem
1386 2500 1491 2543 pag.
1522 2499 1588 2541 55.
1662 2481 1716 2537 d)

464 2556 585 2612 Lege
617 2558 798 2600 Ioannis
829 2556 988 2605 dea,
1017 2555 1130 2597 vitas
1153 2555 1554 2608 Vesprimiensium
1580 2553 1717 2594 Prae-

464 2623 647 2672 sulum,
690 2638 795 2680 pag.
837 2619 954 2677 310..
1009 2622 1055 2677 e)
1087 2619 1308 2679 Istvdnffy
1348 2622 1472 2664 libro
1503 2623 1574 2664 VI.
1611 2633 1716 2676 pag.

468 2700 533 2745 89.
567 2692 782 2733 editionis
812 2692 1002 2745 primae.
