1779 3128
637 192 824 209 ···--·
1358 201 1421 246 49

39 309 90 357 in
138 305 389 356 PestIensi
436 303 755 353 bibliotheca
803 306 1135 372 Hungarica,
1202 306 1422 356 Sze'che‘-

39 385 598 453 nyiano·Regnicolari
635 384 929 444 habentur,
970 404 1085 435 cum
1123 387 1421 437 incidissem

37 466 198 516 oculis
233 468 286 514 in
321 464 450 513 hane
478 466 896 513 adnotationem:
934 470 1290 532 Fragmentum
1328 471 1424 534 Sy-

36 550 160 597 nodi
206 551 465 595 cuiusdam
504 548 897 612 strigoniensis,
947 545 1086 609 qvod
1133 547 1273 614 apud
1311 548 1421 596 Do-

35 625 257 677 bnerum
309 628 360 674 in
405 627 754 673 monumentis
812 623 1054 674 historiae
1104 626 1418 677 Bohemicae

36 708 324 773 reperitur,
375 704 437 768 v)
491 722 610 752 mox
657 714 866 770 arrepto
906 705 1140 763 calamo,
1190 707 1420 772 postula-

33 788 204 834 verim
253 803 281 833 a
332 785 534 833 Comite
583 783 860 833 Francisco
910 784 1198 851 Sze'che'nyi
1233 823 1248 844 ,
1304 790 1418 834 viro

36 865 237 914 scilicet
284 863 528 913 nascendi
566 881 794 932 genere,
849 863 1114 924 doctrina,
1170 865 1420 932 publicis-

38 962 138 1010 qve
189 944 470 993 honoribus
503 982 517 1003 ,
583 956 739 1009 atqve
783 945 1085 993 muneribus
1134 945 1419 1012 plurimum

36 1028 364 1091 conspicuo,
430 1025 594 1072 vellet
654 1024 890 1072 utilitatis
954 1025 1198 1091 publicae
1248 1028 1418 1091 gratia

34 1104 387 1171 fragmentum
428 1104 586 1163 illud,
624 1103 944 1169 descriptum
982 1121 1077 1170 per
1118 1121 1264 1161 suos,
1305 1122 1416 1153 me-

35 1199 153 1231 cum
181 1185 582 1231 communicare.
653 1182 799 1230 Illico
830 1181 1059 1232 delatum
1086 1196 1161 1232 est
1192 1185 1415 1250 flagran-

33 1265 72 1311 ti
110 1261 385 1310 desiderio.
474 1260 569 1308 Cui
624 1260 748 1309 dum
785 1262 1175 1322 satisfacturus,
1231 1282 1415 1312 manu-

32 1344 284 1408 scriptum
335 1343 623 1406 arripiens,
674 1340 815 1389 illico
870 1341 1208 1408 perlegissem
1242 1382 1258 1404 ,
1310 1344 1413 1394 duo

30 1423 342 1488 praeprimis
390 1437 473 1468 me
520 1419 788 1470 adtentum
839 1420 1214 1480 reddiderunt„
1304 1424 1413 1471 Pri-

30 1518 174 1548 mum
215 1511 288 1548 est
340 1500 465 1547 illucl
489 1539 502 1560 ,
557 1500 726 1565 qvod,
765 1499 888 1549 dum
926 1500 1066 1567 apud
1105 1501 1411 1552 Pe'terffium

28 1579 159 1630 haec
194 1581 472 1646 leguntur:
509 1582 593 1630 De
628 1586 945 1630 ordinatione
980 1587 1208 1630 vacantis
1237 1587 1414 1632 Eccle-

26 1666 135 1710 siae
165 1680 255 1723 per
285 1666 649 1722 provisionem,
685 1664 1002 1720 electionem,
1059 1666 1412 1724 autpostula-

29 1744 213 1788 tionem
249 1744 542 1805 facienda:
598 1743 650 1788 in
711 1752 1001 1789 memorato
1056 1743 1411 1808 manuscripto

26 1818 156 1868 haec
199 1818 402 1881 desint3
453 1832 503 1869 at
553 1837 731 1869 eorum
780 1819 896 1869 loco
927 1858 942 1879 ,
997 1822 1092 1868 ista
1141 1821 1410 1887 legantur:

26 1903 210 1948 Forma
259 1902 567 1965 Synodalis,
618 1905 857 1965 quomodo
905 1904 1166 1967 eligendus.
1205 1906 1276 1948 sit
1310 1907 1412 1950 Ar·

28 1984 366 2041 clziepiscopus
412 1981 789 2046 Strzgonienscs.
879 1981 1031 2028 Licet
1083 1997 1144 2028 ex
1182 1982 1294 2046 ipsa
1333 1982 1409 2027 in-

27 2060 345 2118 structione,
383 2059 446 2108 de
481 2058 721 2108 facienda
757 2059 907 2108 huius
946 2059 1235 2118 electione,
1277 2059 1409 2108 illud

26 2153 189 2186 unum
225 2142 471 2205 supersit:
508 2168 574 2174 ——
606 2168 671 2174 ——-
706 2144 874 2188 IIuius
907 2144 1049 2188 sacri
1085 2144 1299 2188 Concilii
1330 2146 1406 2188 in-

27 2237 282 2267 novamus.
369 2219 637 2287 'Deinceps
689 2236 814 2268 vero
860 2223 1111 2286 scriptum
1160 2219 1292 2268 illud
1340 2217 1408 2267 ad

27 2312 110 2344 me
148 2300 542 2357 transmissum,
590 2302 827 2365 congruit
865 2316 981 2347 cum
1021 2310 1196 2360 textu,
1252 2316 1406 2363 qvem

29 2375 165 2441 apud
204 2377 508 2427 Pe'terffium
544 2378 798 2446 legimus,
836 2381 942 2429 imo
985 2378 1136 2446 plura
1173 2382 1409 2428 continet

1284 2476 1337 2506 1n

83 2611 133 2666 v)
165 2612 216 2654 In
247 2619 449 2659 monum.
481 2616 583 2663 hist.
616 2587 804 2664 Bohem.
834 2619 890 2662 T.
920 2614 977 2663 ΙΙᾸ
1008 2632 1118 2676 pag·
1148 2631 1243 2673 291.
1276 2629 1403 2670 seqsp

695 2713 745 2760 D
