1779 3128
709 184 895 214 ===2
1397 184 1494 237 285

113 293 439 347 xenodochii
478 295 813 345 sacerdotalis
836 336 850 355 ,
887 308 1046 362 atqve
1076 295 1379 358 Seniinarii,
1419 310 1496 347 te·

115 386 366 424 stamenta
416 376 623 423 illorum
675 378 798 425 [ient
850 381 1025 437 irrita,
1084 390 1133 427 et
1189 378 1495 439 substantia,

113 458 247 505 inter
295 455 613 515 Ecclesiam,
668 457 1108 519 Xenodochium,
1163 475 1223 507 ac
1261 459 1495 507 Semina·

115 539 242 584 rium
279 535 557 586 dividetur.
631 537 787 585 Porro
826 555 852 586 e
891 537 1178 586 substantia
1217 537 1495 587 defuncto-

110 632 258 674 rum,
295 617 380 665 vel
421 615 801 666 discedentium
841 636 866 666 e
906 617 1184 677 Parochia‚
1223 607 1496 685 suppellex

111 694 376 744 moderata
412 697 636 761 relinqvi
676 695 843 747 debet.
932 697 1280 746 Difficultates
1333 701 1382 746 in
1421 697 1497 746 di-

107 778 307 826 visione
357 790 702 844 proventuum
754 781 1080 836 nasciturae,
1133 795 1308 826 coram
1343 778 1497 827 Vica-

111 858 188 904 rio
231 858 628 922 superabuntur.
719 857 846 924 Cap.
885 874 929 921 9.
987 857 1178 906 Contra
1214 861 1492 917 usurarios,

112 938 198 999 qvi
239 953 391 1004 supra
429 954 517 984 sex
554 939 778 985 florenos
819 954 846 985 a
885 949 1123 996 centum,
1177 953 1490 1002 qvocunqve

109 1015 261 1063 titulo
297 1019 586 1083 recipiunt,
621 1035 714 1085 pro
743 1021 992 1066 concione
1030 1016 1333 1083 detonetur,
1360 1016 1495 1066 Con·

108 1107 187 1144 tra
240 1096 472 1162 publicos
527 1101 784 1146 usurarios
839 1110 1020 1164 agatur
1071 1100 1211 1145 iuxta
1248 1113 1491 1148 canoneS.

111 1174 269 1223 Porro
309 1193 404 1224 nec
444 1176 510 1224 ad
551 1172 808 1226 rationem
834 1177 1212 1235 Ecclesiarum,
1249 1178 1382 1226 ultra
1416 1178 1493 1226 di-

90 1267 250 1309 ,ctum
306 1257 599 1316 interesse,
667 1261 822 1305 etiam
870 1256 1021 1306 titulo
1067 1254 1298 1307 donativi
1353 1260 1497 1321 qvic-

112 1352 270 1400 qvam
308 1339 606 1403 recipiatur.
694 1338 1074 1404 Eleemosynae
1127 1353 1311 1402 porro,
1368 1354 1495 1401 qvas

33 1407 38 1409 ’
111 1415 371 1464 debitores
412 1417 548 1465 ultra
585 1429 777 1466 sortem
815 1416 937 1465 dare
975 1416 1273 1474 voluerint,
1315 1420 1365 1463 in
1402 1415 1493 1464 de-

113 1494 449 1545 falcation‘em
501 1498 738 1564 capitalis
789 1499 1045 1546 numerari
1096 1496 1305 1544 debent.
1393 1496 1493 1545 Hic

113 1577 324 1641 explicit
371 1577 644 1644 Synodus,
698 1588 851 1644 prout
903 1593 930 1624 a
987 1575 1277 1634 Pe'terffio,
1331 1586 1490 1641 atqve

113 1653 370 1703 Thauszio
423 1657 695 1716 Antistite,
750 1675 778 1705 e
832 1655 1021 1705 chartis
1070 1672 1226 1703 manu
1275 1658 1494 1705 exaratis

111 1735 307 1802 publici
343 1739 467 1784 iuris
506 1748 580 1784 est
613 1737 767 1786 facta.

641 1865 689 1936 ς.
763 1869 954 1918 cxxt.

266 1995 413 2070 Syn.
459 1991 789 2051 Munkcz'CS.
834 2011 891 2048 α.
945 1991 1336 2052 MDCXCII.

247 2140 434 2198 Russi,
484 2144 569 2205 qvi
619 2139 758 2207 apud
806 2157 895 2188 nos
935 2139 1163 2188 Rutheni
1222 2143 1495 2189 nominan-

112 2231 223 2279 tur,
261 2220 353 2268 sub
392 2220 603 2268 Andrea
642 2221 680 2269 I.
720 2219 1038 2277 Colomano,
1089 2232 1137 2269 et
1184 2221 1388 2269 Andrea
1427 2221 1493 2271 II.

112 2300 430 2366 Hungariam
468 2298 904 2363 ingrediebantur.
991 2299 1356 2365 Narrantqve,
1398 2300 1493 2349 sub

113 2377 382 2429 Ludovico
422 2381 462 2429 Ι.
484 2379 823 2428 Theodorum
848 2380 1159 2429 Kiriatovics
1199 2380 1356 2428 fuisse
1381 2379 1494 2427 Du-

113 2475 226 2506 cem
266 2463 567 2525 provinciae
604 2455 1036 2508 MunkacsiensiS.
1123 2459 1313 2509 Omnes
1331 2444 1394 2517 lsi
1431 2460 1495 2506 li-

117 2549 199 2585 cet
248 2539 473 2587 incolatu
526 2543 744 2589 seiuncti
796 2539 860 2588 ab
901 2540 1083 2588 incolis
1121 2539 1376 2598 Russiae,
1428 2541 1498 2585 ri-

119 2628 230 2665 tum
284 2615 616 2669 nihilominus
671 2638 844 2669 eorum
879 2656 892 2680 ,
947 2617 1185 2669 Graecae
1233 2619 1497 2669 Ecclesiae

1283 2715 1422 2751 cnm-
