1779 3128
281 219 342 273 68
862 219 1049 240 “““““““

282 339 445 389 literis
462 373 477 396 ,
510 336 764 401 Synodum
785 336 1195 390 Ρνουιήοιάνιυη,
1219 332 1499 380 Primatiae
1524 343 1648 377 suae

284 435 635 476 annexarum,
687 414 750 463 ab
803 430 857 462 se
905 413 1265 462 celebrandam
1312 409 1497 459 indixit
1531 407 1653 457 Tir-

286 499 475 546 naviae
498 531 513 552 ,
551 511 706 559 qvam
744 496 794 541 in
832 504 1018 542 octava
1045 494 1091 542 S.
1119 491 1419 550 Adalberti,
1457 505 1545 537 seu
1571 503 1654 548 30.

287 575 518 641 Aprilis,
556 584 820 640 oporteret
854 572 1102 621 inchoari.
1177 571 1324 636 Qvae
1354 573 1524 636 reipsa
1560 585 1656 634 per

287 653 518 703 triduum
558 653 847 711 celebrata,
885 651 1011 700 haec
1047 650 1306 698 decrevit:
1366 664 1406 698 J.
1442 649 1658 715 Episco-

286 736 343 801 pi
379 731 644 799 Synodum
674 731 1050 779 Dioecesanam
1078 732 1348 795 qvotannis
1377 729 1657 779 celebrent.

283 829 332 861 2.
370 812 449 859 Illi
492 811 786 870 praesules,
830 827 1050 874 qvorum
1092 809 1370 857 Dioeceses
1407 810 1457 856 in
1495 810 1659 872 parti-

287 892 382 941 bus
421 889 716 939 Infidelium
752 901 906 949 sunt,
957 890 1253 954 qvempiam
1289 891 1339 935 in
1377 886 1453 934 his
1488 888 1659 936 locum

289 968 635 1020 celebrandae
678 967 888 1035 Synodo
926 966 1202 1039 destinent.
1289 966 1383 1014 Cui
1420 983 1660 1033 praeesse

291 1049 414 1097 dum
452 1051 548 1114 ipsi
586 1064 686 1094 non
722 1058 995 1114 poterunt,
1032 1047 1189 1095 alium
1228 1045 1530 1112 designent,
1581 1062 1663 1093 re-

288 1129 543 1176 lationem
580 1125 795 1174 subinde
822 1128 1208 1192 praestiturum.
1274 1140 1322 1185 3.
1359 1126 1416 1174 In
1446 1125 1536 1173 tali
1570 1124 1664 1191 Sy-

291 1206 461 1265 nodo,
513 1205 868 1254 Conciliorum
915 1204 1300 1263 Nationalium,
1353 1221 1413 1252 ac
1451 1204 1665 1251 Provin-

292 1286 505 1335 cialium
554 1295 745 1333 statuta
792 1283 1138 1350 publicentur.
1175 1285 1232 1346 z)
1305 1299 1352 1340 ιι.
1391 1281 1667 1331 Archidia-

295 1368 446 1425 coni,
486 1374 538 1413 et
575 1364 894 1430 Praepositi,
933 1363 1119 1428 qvibus
1152 1363 1386 1411 officium
1418 1360 1669 1410 visitandi

296 1443 570 1494 Parochias
608 1439 891 1500 incumbit,
931 1442 1024 1491 sub
1063 1458 1234 1509 poena
1267 1441 1669 1489 amittendorum

295 1522 713 1581 Beneficiorum,
766 1524 1043 1587 qvotannis
1097 1537 1309 1569 munere
1343 1537 1438 1587 per
1475 1523 1671 1585 seipsos

297 1601 564 1659 defuncti,
604 1603 788 1650 seriem
817 1603 1130 1650 visitationis
1168 1604 1220 1648 in
1256 1603 1479 1666 scripto,
1515 1599 1670 1646 Prae-

297 1681 415 1730 latis
465 1679 711 1730 exhibere
758 1691 1051 1729 teneantur.
1150 1695 1199 1740 5.
1247 1678 1325 1727 Ne
1375 1681 1672 1728 visitatores

298 1772 519 1827 gravent
564 1762 816 1809 visitatOS.
909 1758 1226 1826 Consignent
1261 1770 1431 1807 autem
1471 1756 1672 1805 calamo

300 1842 354 1888 in
391 1840 534 1889 Actis
572 1841 915 1899 visitationis,
964 1855 1162 1887 morem
1198 1839 1430 1886 locorum
1467 1839 1517 1884 in
1553 1855 1672 1900 pro·

301 1924 591 1978 curatione,
630 1929 783 1983 atqve
813 1918 1161 1984 persolvendo
1192 1920 1565 1974 Cathedratico,
1592 1917 1672 1962 vi-

303 2009 528 2063 gentem.
577 1997 632 2060 a)
720 1998 765 2046 6.
804 1997 1054 2047 Praelati-
1077 1998 1375 2064 postpositis
1413 1992 1552 2042 haud
1585 2010 1677 2041 ne-

307 2079 542 2124 cessariis
584 2077 997 2143 erogationibus),
1048 2093 1221 2125 curam
1255 2074 1478 2127 habeant
1515 2073 1675 2120 Semi·-

308 2158 571 2203 nariorum
611 2156 763 2204 Clero
811 2146 1191 2222 erigendorum.
1272 2169 1319 2215 7.
1355 2152 1547 2219 Synodi
1585 2167 1677 2198 an-

309 2250 374 2281 no
419 2235 561 2292 1630.
609 2235 899 2283 celebratae
949 2246 1181 2283 servetur
1223 2233 1514 2289 decretum,
1552 2246 1679 2294 qvo-

314 2311 380 2359 ad
434 2314 579 2361 Bona
624 2314 834 2362 mobilia
888 2313 1248 2362 defunctorum
1295 2309 1679 2368 Praelatorum;

317 2406 376 2438 ac
407 2393 547 2438 iuxta
587 2391 956 2441 concordatum
1004 2391 1173 2448 Cleri,
1226 2406 1341 2436 cum
1378 2388 1474 2435 Sua
1512 2388 1681 2434 Maie-

314 2479 444 2516 state
477 2471 690 2527 initum,
728 2473 907 2535 poenis
944 2469 1347 2530 Ecclesiasticis‚
1385 2483 1443 2514 ac
1480 2477 1683 2532 tempo-

1490 2546 1610 2593 rali-

375 2649 422 2707 Ζ)
453 2651 744 2693 provocatur
775 2652 832 2693 ad
865 2665 964 2693 can.
997 2667 1059 2707 ¹7·
1091 2653 1196 2696 dist.
1232 2662 1295 2702 18.
1354 2666 1393 2695 a.
1424 2654 1492 2695 De
1522 2649 1589 2691 his
1618 2649 1684 2688 vi-

428 2719 487 2759 de
522 2732 671 2760 meum
703 2721 775 2763 Ius
807 2721 936 2775 publ.
966 2721 1090 2761 Ecol.
1123 2722 1273 2777 Hung.
1307 2719 1347 2779 ᾗ.
1379 2733 1474 2764 211.
1510 2726 1554 2758 et
1584 2729 1680 2771 2¹23.
