1779 3128
359 133 451 184 226
939 143 1123 162 --·

354 255 474 307 nodi
513 228 928 304 illius,P6terffio
961 272 1168 323 prorsus
1214 259 1417 323 ignotae
1440 295 1455 317 ,
1503 258 1726 307 mentio-

354 354 473 385 nem
508 337 679 383 iniecit
715 334 1024 384 Laurentius
1062 336 1276 402 Kurolyi
1317 355 1379 385 ex
1415 336 1592 386 charta
1631 356 1723 386 ve·
1778 351 1779 400 j

356 428 496 473 tere,
550 430 704 477 qvam
740 416 874 463 inter
908 415 1036 464 Acta
1074 415 1302 483 Capituli
1340 420 1479 465 eiatis
1516 434 1725 483 repere·
1778 405 1779 415 ἶ

355 506 465 553 rat,
502 494 723 552 dolens,
774 493 913 558 qvod
957 507 1163 562 praeter
1212 499 1420 545 nomina
1469 495 1723 545 parocho-

354 591 501 632 rum,
542 575 630 637 qvi
668 571 834 621 eidem
863 574 1232 633 interfuerant,
1268 574 1380 640 plus
1408 591 1509 623 non
1538 587 1723 641 potue-

355 657 418 702 rit
454 655 720 711 invenire3
758 653 813 715 i)
854 655 1058 701 tametsi
1096 652 1258 711 Acta,
1299 664 1348 700 et
1393 652 1599 701 decreta
1630 654 1724 719 Sy-

356 733 475 781 nodi
513 732 647 779 illius
686 730 823 780 edita
858 731 1049 780 fuerint
1085 734 1224 798 typis
1260 732 1592 798 pragensibus
1639 751 1728 782 an-

357 829 423 859 no
478 812 661 859 eodem
693 848 707 870 ,
761 827 863 875 qvo
915 810 1148 877 Synodus
1196 811 1364 860 fuerat
1416 823 1607 860 coacta.
1660 812 1724 876 k)

358 891 687 939 Vocabantur
736 891 802 938 ad
837 889 966 938 hanc
1015 893 1169 937 etiam
1221 889 1552 955 Augustanae
1591 890 1729 938 Con-

360 971 594 1019 fessionis
649 970 874 1016 Ministri
906 1006 920 1027 ,
985 985 1202 1032 qvorum
1251 986 1352 1017 non
1399 973 1546 1035 pauci
1595 970 1729 1030 loca,

359 1067 453 1118 per
490 1048 818 1097 Franciseum
855 1048 919 1096 de
956 1047 1164 1097 Ne‘idasd
1214 1047 1499 1097 Comitatus
1539 1048 1730 1097 Castri-

280 1141 289 1151 ·
362 1130 519 1177 ferrei
567 1126 874 1193 Supremum
923 1126 1180 1175 Comitem
1213 1144 1481 1194 possessa,
1535 1128 1729 1177 incole·

358 1208 499 1258 bant.
594 1207 786 1255 Verum
821 1205 902 1255 hic
932 1244 948 1266 ,
993 1223 1087 1263 ocu
1133 1207 1328 1254 alienus
1378 1223 1407 1255 a
1454 1207 1728 1274 Religione

361 1286 658 1346 Catholica,
703 1285 960 1354 postulato
1013 1286 1262 1333 Praesulis
1299 1288 1515 1346 restitit,
1564 1291 1633 1335 uti
1671 1287 1732 1336 li-

359 1379 499 1416 terae
538 1366 673 1414 illius
725 1364 988 1426 Comitis,
1020 1376 1125 1413 tarn
1173 1363 1239 1412 ad
1277 1363 1731 1428 Draskovichium,

363 1462 523 1511 qvam
559 1445 623 1495 ad
659 1444 1021 1511 Sopronienses
1051 1455 1322 1507 exaratae,
1361 1443 1563 1493 docent.
1601 1444 1660 1508 l)

1387 1562 1435 1632 ς.
1473 1566 1659 1615 XCIV.
1714 1621 1718 1627 ,

415 1700 464 1756 i)
495 1700 547 1742 In
577 1700 765 1754 speculo
808 1700 932 1744 Ecel.
973 1704 1093 1745 Iaur.
1124 1713 1228 1757 pag.
1260 1710 1327 1751 88.
1400 1697 1451 1753 k)
1482 1698 1725 1750 Inscriptio

471 1778 569 1810 est:
600 1768 750 1820 Acta,
781 1778 825 1810 et
859 1770 1213 1810 Constitutiones
1254 1770 1556 1810 Dioecesanae
1589 1768 1733 1819 Syno-

472 1839 519 1878 di
553 1838 747 1878 Iaurt‘en.
787 1839 868 1877 sub
910 1838 1009 1878 RB.
1053 1846 1096 1881 in
1143 1839 1320 1878 Christo
1357 1836 1532 1884 Patre,
1572 1851 1625 1874 ac
1669 1834 1729 1879 D,

475 1904 670 1959 Georglo
712 1906 1000 1946 Drascovittb
1025 1934 1040 1955 ,
1081 1909 1133 1946 el.
1166 1906 1223 1945 A.
1259 1905 1341 1957 Ep.
1387 1904 1533 1944 Coloe.
1566 1903 1656 1943 Dei
1683 1911 1730 1943 et
1776 1922 1777 1931 ¹

470 1971 560 2026 Ap.
595 1975 721 2014 Sedis
757 1979 906 2027 gratia
946 1975 1178 2014 {aurien-ve
1220 1972 1438 2025 Episcopo
1471 1981 1556 2013 etc.
1624 1971 1733 2011 Pra-
1773 1976 1777 2025 ξ

465 2056 554 2094 gae
592 2047 712 2094 typis
757 2041 945 2094 Georgii
971 2041 1265 2081 Melantrichl
1303 2041 1356 2085 de
1384 2038 1621 2080 Aventino.
1670 2039 1730 2080 A.
1774 2030 1775 2058 ἢ

469 2109 529 2149 D.
567 2121 685 2162 1579.
756 2108 806 2161 l)
846 2109 1083 2166 Leguntur
1115 2108 1276 2152 ambae
1307 2121 1378 2160 ap.
1411 2111 1570 2150 Ioann.
1604 2106 1732 2146 Ribi-
1773 2113 1775 2154 ἰ

468 2177 516 2217 ni
546 2177 593 2217 in
613 2176 1001 2220 Memorabilibus
1027 2179 1316 2232 Augustanae
1342 2173 1647 2214 Confessionis
1679 2174 1728 2214 in

469 2244 523 2284 R.
554 2245 609 2287 H.
638 2245 692 2284 T.
725 2245 760 2286 Ι.
795 2245 1006 2286 Sectione
1037 2245 1106 2288 IV.
1147 2243 1187 2302 ᾗ.
1220 2256 1258 2285 2.
1316 2243 1533 2284 Priorum
1567 2250 1636 2282 est
1665 2242 1731 2282 in·

471 2324 680 2368 gressus:
712 2312 811 2353 RB.
835 2311 1054 2353 Domt'ne!
1082 2320 1296 2353 venerunt
1327 2312 1386 2351 ad
1411 2326 1491 2350 nos
1514 2311 1598 2349 cluo
1631 2324 1733 2351 con-

472 2383 751 2429 cionatores,
791 2395 1009 2430 suorum,
1051 2389 1095 2421 et
1134 2383 1318 2419 aliorum
1363 2380 1730 2419 Concionatorum

469 2454 511 2488 in
540 2447 683 2489 Bonis
714 2454 880 2489 nostris
910 2431 1195 2489 residentium
1216 2447 1461 2487 nominibus
1475 2476 1490 2496 ,
1520 2460 1730 2500 qvaeren-

474 2524 572 2563 tes,
599 2530 702 2554 num
732 2522 855 2568 Ipsos
885 2517 943 2556 od
972 2516 1194 2569 Synodum
1214 2544 1227 2563 ,
1254 2529 1335 2567 per
1366 2514 1465 2558 BR.
1494 2514 1552 2557 D.
1589 2515 1639 2556 V,
1669 2519 1731 2553 in-

469 2583 659 2631 dc‘ctam,
700 2589 848 2624 venire
887 2582 1119 2636 eporteat,
1161 2593 1204 2624 et
1252 2598 1305 2623 cm
1336 2591 1435 2623 tuto
1466 2585 1570 2622 illuc
1593 2582 1727 2632 prosi·

1568 2663 1672 2688 czscz
