1779 3128
692 214 875 233 “”““““““
1382 221 1478 267 253

30 331 33 334 ’
97 348 252 401 super
301 328 586 398 praemisso
644 327 937 378 Nationalis
989 326 1184 396 Synodi
1245 326 1475 389 decret0‚

87 419 301 476 prt‘mum
359 413 800 458 Eminentissimus
865 413 1150 458 Cardinalis
1207 413 1473 474 Pa'zmany

94 504 325 556 tanquam
360 492 595 549 Primae,
651 493 843 538 demum
878 494 928 537 si
958 495 1001 536 is
1024 493 1173 553 forte
1208 490 1475 553 difficilior·

81 574 230 635 foret
255 605 271 630 ‚
335 570 440 617 Sua
493 569 754 617 Sanctitas·
822 573 1111 631 tempestive
1172 574 1474 633 reqviratur.

91 651 276 712 Sperat
323 653 450 697 enim
506 649 559 697 S.
613 649 848 713 Synodus
907 666 1051 697 suam
1110 648 1469 717 sanctitatem,

85 733 398 792 praemissa,
436 747 590 794 aeqva
617 732 785 787 lance,
823 747 916 790 pro
947 746 1041 775 sua
1075 732 1123 775 in
1161 746 1328 776 omnes
1367 731 1468 776 Ec·

90 811 271 857 clesias
302 812 493 869 pietate
526 812 920 856 moderaturam.
991 805 1229 855 Offendit
1266 822 1473 871 qvoqve

96 886 397 937 Praesulem
444 886 742 954 Erghelium
802 889 1097 935 constitutio
1151 902 1331 944 nona,
1387 884 1478 934 de·

95 983 342 1026 cernens,
383 979 438 1016 ut
478 970 529 1015 in
569 967 746 1015 officio
774 966 1002 1025 Divino,
1043 969 1169 1015 ritus
1212 965 1486 1015 Ecclesiae

93 1046 399 1106 Romanae,
448 1063 477 1095 a
529 1046 847 1112 qvibuslibet
889 1046 1174 1095 Ordinariis
1229 1045 1476 1094 observe-

92 1138 199 1175 tur.
287 1127 402 1193 Qva
453 1131 506 1176 in
554 1144 611 1175 re
650 1130 827 1177 statuit
863 1125 1099 1194 Synodus
1136 1124 1477 1192 Ergheliana:

88 1208 246 1256 Suam
286 1209 621 1256 Sanctitatem
661 1211 825 1256 debite
860 1210 1197 1271 reqvirendam
1236 1225 1358 1266 esse,
1385 1209 1468 1253 de-

86 1306 219 1336 mum
257 1290 408 1335 iuxta
441 1291 793 1335 resolutionem
827 1289 956 1336 Suae
980 1287 1300 1343 sanctitatis,
1329 1305 1470 1350 qvam

91 1367 329 1432 Synodus
362 1378 536 1430 sperat
574 1369 677 1416 sibi
703 1372 975 1430 propitiam
999 1369 1153 1431 fore,
1207 1370 1470 1431 agendum.

89 1449 302 1495 Interim
341 1457 507 1494 autem
542 1450 676 1495 ritus
713 1451 972 1496 Ecclesiae
1005 1450 1152 1494 lucius
1187 1464 1219 1492 a
1258 1457 1471 1509 quatuor

92 1537 142 1572 et
184 1530 395 1588 amplius
420 1530 636 1575 saeculis
665 1529 989 1584 observatos,
1029 1528 1315 1573 retinendos
1349 1543 1470 1573 esse.

87 1605 148 1668 l)
228 1604 460 1655 offendit
503 1623 709 1670 qvoqve
748 1603 1045 1653 praesulem
1083 1603 1348 1669 Ergelium
1380 1603 1477 1669 Sy-

90 1685 219 1734 nodi
242 1685 530 1733 Nationalis
567 1688 720 1735 tertia
747 1684 948 1734 decima
972 1687 1303 1744 constitutio,
1345 1699 1476 1747 qvae

1331 1764 1407 1812 lo-

147 1909 200 1966 l)
232 1910 486 1952 praevenit
516 1906 774 1953 Pa'zma'nus
804 1908 1102 1967 Erghelium,
1133 1917 1270 1962 atqve
1302 1907 1388 1949 hoc
1420 1910 1474 1950 A-

200 1979 485 2034 postolicum
512 1980 655 2020 Breve
688 1979 918 2020 obtinuit:
959 1979 1162 2019 Urbanus
1188 1979 1310 2031 Papa
1335 1978 1474 2018 VIII.

200 2049 490 2100 adfuturam
520 2053 590 2088 rei
625 2055 893 2089 memoriam.
977 2047 1159 2101 Exponi
1182 2061 1324 2100 nuper
1354 2046 1478 2086 nobis

183 2118 310 2170 fecit
340 2118 415 2161 dil.
435 2118 504 2166 fil.
535 2127 719 2165 noster,
763 2117 931 2157 Petrus
974 2122 1042 2160 tit.
1086 2117 1131 2157 S.
1178 2116 1303 2157 Hier.
1339 2115 1474 2167 Illyr.

196 2185 356 2226 Presb.
394 2187 525 2226 Card.
555 2186 836 2234 szma‘nus,
866 2194 1150 2237 nuncupatus
1177 2183 1303 2225 Eccl.
1338 2183 1478 2236 Strig.

200 2269 260 2295 ex
290 2259 603 2302 concessione,
637 2263 680 2293 et
711 2255 1034 2306 dispensatione
1063 2250 1228 2306 Δροσί.
1263 2251 1476 2299 Prae-sul,

198 2325 320 2377 qvod
341 2352 354 2371 ,
384 2326 488 2363 licet
517 2327 698 2364 iteratis
731 2324 954 2375 Synodis,
987 2331 1030 2362 et
1061 2335 1159 2361 cum
1189 2335 1380 2360 assensu
1405 2334 1477 2360 ne-

196 2392 299 2431 dum
334 2392 730 2444 Suffraganeorum
761 2405 945 2431 suorum
965 2420 977 2438 ‚
1008 2403 1162 2430 verum
1194 2395 1326 2429 etiam
1360 2389 1470 2431 Ven,

200 2457 277 2498 Fr.
308 2457 368 2502 A.
396 2460 614 2514 Episcopi
642 2461 928 2516 Colocensiaj,
961 2465 1145 2511 eiusqve
1169 2464 1348 2511 pariter
1375 2457 1480 2506 Suf-

183 2527 554 2580 fraganeorum,
599 2535 643 2569 in
685 2528 840 2571 omnib,
890 2526 1014 2567 Eccl.
1061 2527 1122 2567 ad
1159 2528 1376 2567 Coronam
1420 2525 1475 2564 R.

199 2595 354 2648 Hung.
387 2597 649 2648 spectantib.
685 2602 818 2637 ritum
844 2595 968 2640 Eccl,
993 2594 1118 2639 Rom.
1151 2596 1480 2642 introduxerit,

203 2664 485 2704 nihilominus
530 2665 781 2718 Capitulum
825 2663 945 2705 Eccl.
997 2663 1195 2718 Zagrab.
1240 2665 1478 2705 dumtaxat

1324 2740 1427 2783 pest
