1779 3128
103 347 384 404 postqvam
423 331 616 382 Primas
653 331 942 380 absentium
982 333 1336 381 excusationes
1373 332 1476 379 ius-

50 462 52 465 ,
103 420 284 476 sisset,
320 414 555 481 perlegi,
604 412 872 480 Synodum
925 415 1352 479 interrogaverit:
1408 417 1487 462 An

102 499 452 546 Illustrissimi
484 513 546 541 ac
582 495 1012 543 Reverendissimi
1043 495 1258 541 Domini
1305 496 1487 541 Archi-

102 578 349 637 Episcopi
399 576 679 622 Coloeensis
711 609 728 632 ,
785 590 983 620 annexa
1043 575 1377 637 aegritudinis
1422 590 1484 620 ac

102 657 293 702 aetatis
328 656 499 700 senilis
535 656 669 700 ratio
708 656 777 699 sit
810 652 1073 716 sufficiens
1100 646 1361 698 excusatio
1402 654 1487 698 ab·

100 730 340 781 sentiae?
378 747 434 779 ae
471 734 726 779 ruminata
763 747 851 789 re,
891 730 1126 778 decrevit
1165 729 1348 777 eadem
1386 730 1482 795 Sy-

101 810 297 859 nodus:
350 815 621 860 Rationem
669 814 856 876 quidem
905 813 1238 875 aegritudinis
1261 846 1277 868 ,
1331 813 1382 856 si
1433 829 1492 857 ea

104 894 389 951 subsistat,
423 910 484 938 ac
519 895 706 939 aetatis
741 894 944 949 seniles,
995 891 1258 954 szffficiens
1291 892 1491 951 pondus

103 973 324 1031 habete,-
375 975 609 1018 vicinitas
645 982 809 1018 tamen
850 974 994 1028 loci,
1047 971 1312 1017 videbatur
1348 987 1494 1016 occa-

99 1039 288 1097 sionem
322 1055 548 1098 veniendi
585 1053 823 1113 praebere
865 1054 1107 1112 potuisse.
1180 1047 1488 1114 Intelligens

96 1130 326 1180 vicinam
376 1127 667 1177 Tirnaviae
714 1128 970 1187 Nitriam,
1021 1128 1143 1190 ubi,
1192 1127 1339 1175 velut
1381 1129 1489 1175 eius

102 1218 282 1254 tenens
335 1208 737 1273 Episcopatum‚
786 1207 1065 1256 residebat.
1159 1204 1314 1273 Qvod
1358 1208 1485 1254 item

99 1284 416 1334 Benedictus
455 1285 753 1335 Vinkovieh
787 1287 1073 1353 Episcopus
1099 1287 1483 1353 Zagrabiensis,

102 1377 151 1413 et
191 1366 560 1432 Suffraganeus
598 1366 994 1432 Metropolitani
1034 1365 1361 1425 Colocensis,
1402 1366 1491 1414 ab·

101 1448 303 1493 sentiae
342 1462 463 1493 suae
513 1447 757 1511 scriptam
812 1447 1201 1494 excusationem
1237 1463 1484 1512 porrexe-

102 1526 186 1573 rit.
261 1525 377 1590 Qva
417 1524 683 1591 perlecta,
723 1528 900 1575 statuit
939 1524 1207 1592 Synodus:
1245 1531 1481 1574 Excusa-

101 1610 284 1652 tionem
322 1609 535 1652 eiusdem
573 1618 802 1669 respectu
839 1611 1028 1655 aetatis
1062 1609 1268 1663 senilis,
1303 1624 1483 1668 expen-

97 1702 304 1742 sarum,
341 1687 525 1749 locique
560 1689 867 1746 distantiae,
905 1688 1088 1733 habere
1121 1688 1329 1748 'speciem
1369 1696 1483 1733 tan-

101 1774 208 1810 tum
247 1775 597 1826 apparentem,
647 1769 739 1813 sed
783 1785 878 1814 non
912 1767 1284 1829 szif'ficientenq
1314 1767 1483 1813 ‘nilzil-

104 1846 300 1890 ominus
336 1847 690 1909 indulgendum
713 1848 838 1909 fore
867 1865 961 1909 pro
994 1850 1089 1893 lzac
1115 1849 1248 1906 vice,
1286 1856 1336 1892 et
1374 1863 1484 1893 cum

100 1926 197 1970 hac
235 1927 462 1982 cautela,
504 1943 561 1971 ne
593 1929 812 1973 secundo
847 1929 948 1989 ipsi
977 1927 1191 1984 similis,
1244 1927 1324 1971 vel
1355 1928 1483 1972 alte-

99 2006 164 2060 ri,
193 2008 455 2050 excusatio
479 2004 770 2069 siff-agari
793 2010 971 2067 possit.
1010 2004 1072 2067 f)
1146 2001 1303 2069 Qvod
1333 2019 1484 2069 prae-

94 2090 275 2139 terea,
312 2080 612 2130 Franciseus
651 2083 1000 2142 landrievies,
1054 2083 1250 2131 Lector
1290 2093 1339 2130 et
1381 2081 1480 2130 Ca-

96 2163 310 2209 nonieus
349 2161 615 2209 Ecclesiae
656 2162 1052 2230 Zagrabiensis‚
1107 2164 1316 2210 nomine
1354 2162 1479 2228 Epi-

98 2242 242 2306 scopi
293 2244 369 2288 sui
417 2258 700 2307 praesens,
763 2241 1220 2292 constitutionibus
1280 2240 1477 2309 Synodi

99 2320 416 2386 subscriptus
466 2321 704 2388 legatum
764 2320 1011 2387 qvodqve
1051 2321 1287 2388 Synodus
1326 2321 1475 2383 haee,

101 2397 367 2448 Colocensi
405 2400 849 2468 Arehiepiseopo,
889 2413 938 2450 et
983 2402 1244 2468 Episcopo
1283 2402 1474 2468 Zagra-

100 2476 298 2537 biensi,
345 2483 493 2545 gravi
530 2482 622 2530 sub
663 2480 1114 2533 animadversione
1163 2484 1472 2550 praecipiat,

1351 2574 1407 2613 ut

151 2727 206 2786 f)
238 2729 355 2775 Ibid.
386 2732 507 2776 inter
538 2737 652 2780 Aeta
679 2739 908 2783 secundae
940 2739 1063 2790 diei,
1093 2752 1197 2799 pag·
1228 2752 1324 2796 357·
