1779 3128
699 220 880 229 ..-γ’-ῥα..-

97 313 330 381 decernit
377 307 617 378 Synodus
667 311 996 378 comparari,
1044 313 1094 361 in
1146 323 1481 361 conservato-

97 399 174 443 rio
225 391 454 459 Sapituli
503 391 830 440 posoniensis
867 391 1262 451 collocandam,
1316 393 1479 442 clavi-

96 475 192 523 bus
237 488 398 540 penes
449 470 752 537 Capitulum
792 470 1143 537 Strigoniense
1196 472 1478 539 depositis;

97 571 200 619 qvo
236 552 362 600 dum
400 552 546 599 illata
584 550 740 600 fuerit
786 566 859 600 10.
901 553 1109 600 circiter
1132 553 1351 601 millium
1386 555 1480 601 sso-

97 649 339 682 renorum
391 647 591 679 summa
625 668 640 690 ,
691 633 787 679 erit
845 630 1093 680 elocanda
1144 635 1195 679 in
1245 650 1480 694 censum,

95 716 184 777 qvi
222 711 482 760 deserviat
521 709 817 760 educationi
856 713 1070 758 iunioris
1110 710 1279 769 Cleri,
1330 712 1477 760 habi-

96 805 150 842 ta
186 795 390 841 ratione
441 789 616 856 qv'oad
664 807 938 838 numerum
991 790 1111 838 hinc
1151 780 1479 851 alendorum,

98 875 208 922 eius
258 871 528 938 Capituli,
579 871 668 919 vel
713 871 1011 929 Ecclesiae,
1063 869 1200 918 unde
1255 872 1479 937 amplior

96 969 298 1001 summa
343 953 606 1018 provenit.
688 950 838 998 Hunc
885 953 939 998 in
990 951 1147 998 finem
1201 949 1409 1014 qvidam
1451 968 1480 998 a

97 1032 310 1100 Synodo
358 1031 455 1080 hac
503 1029 754 1097 deputati.
812 1041 910 1079 etc.
999 1031 1045 1078 6.
1107 1030 1187 1079 Ab
1236 1031 1479 1079 omnibus

95 1113 271 1179 Regni
309 1111 591 1170 Praelatis,
629 1109 696 1158 ad
731 1110 945 1158 alendos
982 1127 1075 1176 pro
1112 1110 1256 1158 Statu
1302 1111 1478 1159 Eccle-

97 1195 306 1240 siastico
354 1192 606 1248 iuvenes,
662 1190 921 1254 qvaedam
960 1191 1272 1239 contributio
1310 1194 1480 1257 impo-

96 1282 267 1320 natur.
307 1270 369 1334 u)
453 1282 502 1330 7.
552 1270 608 1316 In
648 1273 1015 1317 controversiis
1053 1273 1185 1318 circa
1225 1271 1478 1332 decimas,

98 1361 340 1415 qvart-as,
390 1359 439 1397 et
485 1348 770 1396 sedecimas
820 1352 973 1407 ortis,
1025 1350 1148 1398 dum
1187 1368 1304 1416 pars
1341 1363 1479 1399 utra-

97 1447 201 1494 qve
251 1429 568 1494 litigantium
629 1439 705 1477 est
756 1428 1159 1489 Ecclesiastica,
1209 1431 1378 1497 litiget
1426 1435 1517 1479 in*

97 1511 213 1559 foro
252 1509 526 1584 spirituali.
562 1511 626 1571 v)
714 1517 759 1564 8.
796 1509 1179 1558 Beneficiorum
1219 1511 1478 1559 Ecclesia-

97 1593 344 1639 sticorum
397 1607 426 1637 a
475 1591 704 1656 patronis
758 1590 1109 1638 saecularibus
1159 1590 1477 1650 obtentores,

97 1659 547 1718 confirmationem
588 1669 650 1716 ab
685 1669 957 1717 Ordinario
985 1674 1236 1734 conseqvi
1267 1669 1477 1721 debent.

96 1765 144 1813 9.
187 1749 455 1797 Praesules
492 1759 701 1797 utantur
737 1752 848 1797 iure
884 1752 1129 1817 proprio,
1186 1768 1250 1798 ne
1288 1750 1478 1799 videli-

95 1840 178 1877 cet
229 1827 478 1894 Religiosi
529 1845 630 1876 non
682 1832 960 1878 examinati
1012 1848 1106 1896 per
1144 1831 1297 1889 illos,
1337 1830 1478 1879 ordi-

95 1920 320 1968 nentur,
371 1908 458 1956 vel
508 1912 626 1973 sine·
668 1908 870 1957 indultu
921 1913 1186 1976 ipsorum,
1223 1928 1318 1976 pro
1357 1928 1479 1959 con-

97 1990 245 2037 cione
283 1988 475 2037 dicant.
569 2004 642 2038 10.
694 1988 772 2036 Ne
812 1989 1059 2056 Religiosi
1099 1989 1387 2047 Germani,
1429 2002 1479 2040 et

95 2067 318 2127 Poloni,
369 2069 667 2117 mendicent
722 2073 773 2117 in
824 2068 1166 2117 Dioecesibus
1217 2070 1478 2136 Hungari-

97 2150 203 2207 cis,
256 2148 342 2195 vel
391 2148 756 2203 Ecclesiastica
804 2160 1053 2214 peragant
1103 2151 1277 2196 munia
1308 2186 1322 2205 ,
1379 2151 1478 2196 nisi

99 2226 336 2276 exhibitis
387 2245 562 2276 coram
615 2227 904 2277 Ordinariis
958 2228 1189 2276 locorum
1222 2266 1236 2285 ,
1291 2229 1477 2286 literis,

103 2322 228 2368 qvas
264 2311 620 2356 obedientiales
654 2319 874 2364 vocant,
923 2301 1221 2356 facultatem
1263 2310 1312 2355 in
1352 2311 1478 2357 scri-

101 2387 203 2448 ptis
252 2399 648 2452 conseqvantur.
740 2403 812 2437 11.
862 2387 952 2436 Lis
987 2389 1120 2436 inter
1158 2387 1478 2454 Stephanum

1300 2465 1410 2515 Te·

160 2577 212 2633 u)
245 2581 330 2635 Qvi
361 2586 570 2636 protinus
602 2585 893 2629 resolverunt
913 2616 927 2636 ,
966 2586 1189 2642 leguntur
1220 2586 1264 2626 in
1297 2585 1480 2627 statutis

214 2646 349 2689 huius
377 2651 577 2705 synodi,
607 2669 713 2713 pag.
740 2670 834 2710 3¹0·
894 2654 944 2711 v)
976 2656 1099 2714 Lege
1131 2655 1206 2696 hic
1234 2669 1384 2696 meum
1407 2655 1481 2695 Ius

220 2714 357 2761 Publ.
388 2718 513 2762 Eccl.
543 2723 693 2782 Hung.
726 2723 767 2783 §.
799 2734 893 2774 281·
