1779 3128
692 225 877 241 ·-—-
1369 211 1474 274 2233

692 246 756 253 *-

615 331 664 402 §.
736 336 946 385 xcvu.

362 460 508 537 Syn.
558 457 730 516 Tirn.
775 457 1206 518 MDCXXIX.

231 607 491 676 Deinceps
519 625 681 672 usqve
709 604 775 654 ad
804 606 1042 666 Petrum,
1068 623 1168 654 non
1198 605 1302 670 legi
1331 602 1476 650 Hun-

99 691 330 756 garicam
369 687 651 755 Synodum.
722 687 818 735 Hic
849 703 1008 746 vero,
1048 685 1114 734 ob
1151 685 1323 750 legem
1355 681 1481 730 Tri-

99 769 404 826 dentinam,
456 779 506 816 et
556 765 694 832 qvod
742 783 955 815 erronee
1002 766 1309 832 putaverit,
1358 759 1480 810 inde

100 848 164 896 ab
200 864 337 895 anno
382 847 522 907 1560.
560 846 758 895 nullam
796 848 846 893 in
874 840 1104 894 Ecclesia
1141 842 1483 908 Strigoniensi

102 939 269 976 actam
329 926 594 993 Synodum
649 926 1027 975 Dioecesanam
1062 961 1077 983 ,
1130 921 1282 971 editis
1343 937 1480 968 anno

107 1008 261 1069 1629,
299 1006 382 1057 die
422 1018 601 1070 qvarta
637 1006 853 1073 Augusti
888 1006 1088 1063 literis,
1138 1000 1482 1058 convocabat,

101 1102 196 1154 pro
244 1087 327 1135 die
390 1103 437 1141 4.
487 1098 537 1134 et
597 1085 924 1151 seqventibus
985 1085 1195 1135 venturi
1240 1079 1480 1130 Octobris

102 1165 407 1216 Tirnaviam
445 1178 653 1214 cunctos
677 1203 690 1223 ,
730 1168 816 1230 qvi
855 1164 917 1213 de
957 1167 1095 1222 iure,
1143 1162 1231 1211 vel
1267 1177 1483 1211 consve-

101 1244 280 1295 tudine
307 1281 322 1303 ,
376 1245 585 1309 Synodo
632 1245 1005 1307 Dioecesanae,
1036 1243 1171 1291 illius
1214 1240 1480 1290 Ecclesiae

90 1314 351 1374 ‘interesse
400 1322 625 1385 debent,
677 1327 880 1373 etiamsi
926 1324 1052 1372 alias
1101 1332 1274 1371 essent
1310 1336 1481 1369 exem·

98 1408 191 1481 pti·
231 1405 293 1468 r)

158 1492 161 1494 -
611 1534 662 1606 §.
732 1538 968 1588 xcv111.

453 1659 593 1735 Cap.
637 1663 691 1720 I.
739 1662 807 1720 de
852 1663 1124 1718 Sacram.

234 1821 291 1868 In
326 1822 421 1871 hac
460 1820 667 1889 Synodo
719 1822 978 1872 decretum
1016 1833 1122 1871 est:
1180 1835 1219 1872 1.
1260 1820 1328 1869 Ut
1366 1822 1481 1884 qvi-

101 1900 232 1951 libet
270 1903 607 1969 strigoniensi
642 1903 772 1951 libro
809 1903 980 1950 rituali
1015 1913 1203 1951 utatur.
1288 1917 1333 1949 2.
1380 1900 1481 1948 Ba-

100 1985 319 2050 ptisma,
359 2000 451 2032 nec
495 1982 632 2031 domi
673 1983 865 2046 absqve
910 1985 1247 2040 necessitate,
1297 1997 1484 2029 verum
1556 2038 1557 2041 Ἰ

105 2066 155 2110 in
193 2063 426 2111 Ecclesia
455 2063 850 2112 conferendum:
889 2080 982 2111 nec
1013 2061 1358 2111 differendum
1389 2059 1482 2108 sub

100 2159 267 2210 poena
313 2146 892 2202 excommunicationis,
940 2143 1074 2191 ultra
1120 2143 1228 2190 dies
1280 2140 1480 2190 decem.

101 2238 151 2283 3.
191 2222 562 2289 Zingarorum,
600 2225 663 2271 ob
701 2226 865 2290 repeti
899 2223 1106 2271 solitum
1140 2240 1233 2289 per
1270 2239 1358 2269 eos
1390 2221 1480 2269 ba-

102 2305 319 2369 ptisma,
358 2314 508 2351 natae
542 2303 753 2370 proles,
792 2314 939 2351 caute
977 2319 1180 2370 prorsus
1218 2302 1482 2369 baptisan-

108 2381 222 2430 dae.
294 2381 509 2441 Cetera,
560 2395 614 2432 ut
663 2383 872 2431 Rituale
921 2382 1259 2448 praescribit,
1310 2381 1482 2429 obser-

107 2463 297 2511 vanda.
382 2479 429 2518 4.
477 2464 557 2512 De
595 2464 758 2512 Sacris
796 2463 1077 2526 liqvoribus
1125 2473 1360 2527 tempore
1396 2459 1483 2509 de-

107 2553 251 2592 creto
297 2542 576 2604 habendis,
628 2557 878 2609 cauteqve
922 2542 1304 2600 custodiendis,
1359 2539 1485 2588 alias

1262 2637 1414 2688 prae-

163 2743 211 2800 t)
243 2746 324 2799 Ap.
355 2743 560 2803 Peterffy
591 2745 669 2790 cit.
700 2757 774 2799 op.
804 2745 856 2788 T.
888 2743 946 2789 112
977 2758 1082 2805 pag.
1115 2756 1210 2802 234.-
