1779 3128
309 228 398 289 136
580 234 585 241 '
895 238 1078 258 --

293 347 585 398 Sacerdotis
615 351 998 399 matrimonium
1017 389 1031 409 ,
1070 352 1290 416 ideoqve
1330 364 1567 413 caveant,
1596 370 1670 403 ne

295 426 505 493 decepti
550 430 720 494 specie
756 433 1106 490 matrimonii,
1163 432 1291 480 filias
1325 449 1437 480 suas
1475 437 1662 499 prosti·
1719 475 1723 482 .

293 516 460 555 tuant.
548 522 596 562 4.
649 506 1010 557 confessiones
1059 513 1109 558 in
1162 511 1276 560 loco
1309 523 1553 578 patente,
1610 523 1662 561 et
1723 497 1743 587 '⁸3

294 583 361 632 ad
398 585 497 634 hoc
545 587 839 647 destinam,
900 604 959 636 ac
1017 592 1249 638 seorsive
1305 590 1665 640 exaudiantur.
1726 611 1744 657 ’,ἡ

293 665 392 715 Hic
415 664 621 715 additur
643 669 853 733 insuper
878 667 1210 717 absolutionis
1237 670 1477 730 formula,
1506 686 1662 735 qvam
1732 654 1747 715 5¹¹.

291 742 556 809 hodieqve
594 746 942 796 observamus.
1025 761 1074 806 ,5.
1121 747 1168 796 Α
1215 746 1448 808 choreis,
1501 765 1660 797 vena·

291 823 515 872 tionibus
553 825 776 885 illicitis,
814 826 1097 884 ebrietate,
1135 826 1293 874 larvis
1316 864 1332 886 ,
1371 830 1662 891 ceterisqve

292 905 522 968 speciem
570 902 798 952 levitatis
848 903 1153 953 habentibus
1188 941 1202 963 ,
1273 904 1462 953 Clerici
1511 906 1664 954 absti-

291 993 469 1030 neant.
554 982 597 1032 6.
640 983 726 1031 Uti
765 986 920 1032 etiam
968 984 1030 1031 ab
1083 985 1221 1031 omni
1258 986 1508 1051 avaritiae
1546 1001 1661 1050 spe-

291 1064 400 1120 cie,
449 1059 667 1127 proinde
716 1078 746 1109 a
795 1062 1257 1128 negotiationibus,
1296 1073 1348 1111 et
1385 1065 1657 1111 contracti-

273 1140 380 1188 bus
403 1176 418 1198 ,
456 1142 545 1204 qvi
581 1140 941 1206 praeseferunt
977 1143 1202 1207 speciem
1242 1157 1442 1190 usurae.
1471 1164 1475 1167 ⁴
1512 1140 1660 1190 Altaa

289 1221 443 1267 ristae
481 1235 629 1268 suam
666 1229 718 1266 ut
754 1219 948 1268 faciant
984 1219 1387 1286 obligationem,
1444 1219 1659 1286 Episco-

288 1300 346 1364 pi
384 1308 580 1347 curent.
649 1311 699 1357 7.
738 1298 841 1363 Qvi
876 1310 1182 1364 praeterea,
1218 1315 1403 1364 pacem
1438 1287 1662 1347 habeant

287 1393 406 1425 cum
441 1377 696 1427 omnibus.
763 1377 935 1426 Armis
973 1376 1219 1443 duntaxat
1249 1381 1302 1425 in
1339 1381 1541 1438 itinere,
1575 1378 1666 1435 ubi*
1739 1373 1763 1402 .·

291 1474 407 1504 cum
442 1456 671 1523 periculo
720 1456 1090 1505 transeundum
1138 1468 1245 1516 est,
1283 1468 1511 1506 utantur.
1601 1458 1659 1506 In

288 1536 487 1601 templo
524 1537 626 1583 sint
663 1533 902 1582 modesti.
993 1534 1239 1583 Canonici
1278 1535 1539 1584 semet‘ab
1580 1536 1659 1583 of-

288 1615 406 1662 ficio
448 1615 644 1662 Divino
682 1614 1070 1672 subtrahenteS,
1108 1615 1369 1680 Episcopo
1393 1651 1407 1673 ,
1446 1625 1532 1662 aut
1570 1614 1657 1661 Vi-

287 1696 426 1742 cario
465 1691 857 1742 denuncientur.
929 1693 1118 1741 Vetera
1155 1692 1514 1759 Capitulorum
1553 1704 1655 1741 sta-

284 1784 428 1830 tuta,
466 1784 521 1820 ut
556 1772 697 1819 salva
724 1783 997 1831 maneant,
1029 1772 1286 1838 Episcopo
1315 1770 1655 1837 vigilandum.

282 1851 548 1900 Adversus
582 1852 889 1900 infamatum
911 1888 925 1910 ,
974 1851 1059 1899 vel
1102 1862 1391 1918 suspectum
1425 1854 1659 1916 graviter

285 1930 579 1990 Clericum,
617 1933 756 1979 iuxta
794 1930 1032 1979 Canones
1068 1930 1397 1998 procedatur.
1471 1937 1516 1983 8.
1557 1929 1659 1978 Cu·

285 2022 396 2058 rent
432 2027 644 2069 omnes,
693 2020 748 2058 ut
797 2013 1069 2077 qvippiam
1121 2012 1364 2075 temporis
1403 2009 1657 2074 qvotidie,

282 2107 457 2138 rerum
491 2090 808 2138 Divinarum
846 2087 1026 2137 Studio
1064 2099 1378 2137 consecrent.
1451 2088 1566 2136 Sine
1599 2088 1658 2137 li-

283 2172 453 2218 centia
484 2186 639 2218 nemo
671 2171 890 2218 retineat
924 2166 1084 2216 libros
1118 2166 1402 2216 haereticos
1423 2203 1438 2227 ,
1476 2183 1654 2233 super-

281 2251 544 2308 stitiosos,
585 2265 646 2297 ae
684 2249 937 2308 lasciVOS,
976 2247 1067 2296 sub
1107 2248 1657 2296 excommunicationis

278 2343 486 2394 poena,
522 2332 575 2378 in
612 2329 763 2379 Bulla
798 2345 994 2381 coenae
1032 2343 1299 2396 expressa.

1360 2729 1409 2803 ς.
1447 2729 1581 2780 LIV.

1722 727 1751 835 fv

1731 837 1753 912 z

1738 922 1753 966 ,j

1738 969 1757 1098 ’ἔ

1736 1160 1744 1174 Α.
1751 1132 1759 1153 t
