1779 3128
305 167 400 229 276
890 172 1075 189 “““““““

303 447 442 512 legio
479 449 690 493 iunioris
731 445 896 502 Cleri,
944 444 1229 512 disciplinis
1279 443 1679 513 Philosophicis‚
1751 476 1754 494 ι

305 542 363 574 ac
415 523 746 589 Theologicis
803 525 1063 573 imbutus:
1119 525 1423 574 Sellensium
1461 529 1514 574 in
1553 525 1676 575 Pro·

304 607 479 653 vincia
528 603 816 664 Nitrie'nsi,
869 607 1093 672 primum
1132 603 1286 652 Curio
1324 605 1508 668 Sacer-3
1563 616 1684 672 post
1728 624 1779 678 ¹5⁴

307 687 529 749 spatium
567 687 820 732 trimestre
851 684 1211 749 Strigoniensis
1242 682 1543 744 Canonicus,
1563 687 1681 734 bre·
1730 701 1732 715 ’

308 767 466 829 viqve
502 775 617 831 post
654 775 884 830 tempore
912 763 1145 822 Lector,
1196 761 1332 839 dein!
1357 763 1683 830 Praepositus
1759 799 1761 803 «

310 844 357 892 S.
401 843 680 910 Stephani,
730 854 779 890 et
829 842 885 890 B.
922 843 982 891 V.
1023 841 1086 890 de
1122 841 1525 909 Vagh-Ujhely3
1564 861 1685 894 mox
1759 863 1762 867 ’

307 907 709 987 Suffraganeus,
755 933 804 969 et
840 921 1106 970 Vicarius:
1155 922 1245 971 ubi
1283 923 1555 988 singularia
1589 940 1682 990 pro
1736 983 1737 987 Ἰ

310 1002 583 1067 Religione
616 1003 797 1048 merita
828 1005 1112 1066 posuisset,
1151 1001 1316 1050 factus
1346 1014 1420 1052 est
1456 1006 1682 1069 primum
1736 1021 1761 1031 ·

309 1078 682 1129 Chanadiensis
734 1080 1013 1147 Episcopus
1062 1098 1196 1130 anno
1249 1082 1394 1141 1643.
1432 1073 1683 1147 sequente

308 1179 427 1208 mox
466 1177 599 1208 anno
652 1160 714 1225 Q.
756 1160 1130 1221 Ecclesiensis,
1186 1172 1237 1210 et
1284 1157 1444 1210 Aulae
1485 1161 1682 1227 Regiae
1765 1155 1767 1172 '

310 1239 701 1299 Cancellarius,¹
736 1239 795 1302 f)
838 1238 958 1288 dein
995 1257 1128 1289 anno
1165 1242 1305 1298 1648.
1331 1241 1699 1307 Vesprimien·
1763 1258 1776 1280 ·-

308 1323 412 1380 εἰς,
460 1331 509 1368 et
555 1320 694 1379 1658.
733 1310 1075 1380 laurinensis,
1125 1324 1201 1369 cui
1248 1337 1383 1369 anno
1431 1321 1570 1375 1663.
1608 1324 1687 1369 in·
1742 1337 1745 1366 ι

313 1417 468 1466 super
506 1399 900 1466 Metropolitani
936 1399 1230 1448 Colocensis
1269 1399 1489 1466 dignitas
1527 1399 1688 1449 adde·
1769 1462 1771 1470 ¹

308 1479 480 1529 batur.
553 1477 800 1527 Tandem
836 1495 970 1527 anno
1018 1481 1159 1540 1'685.
1194 1480 1551 1546 Strigoniensis
1590 1478 1689 1528 Ar·
1744 1472 1771 1543 ξ

312 1552 628 1608 chi-praesul
683 1561 978 1611 nominatus
1025 1571 1152 1619 est,
1220 1570 1494 1627 postqvam
1550 1574 1686 1607 anno

318 1639 457 1692 1681.
497 1637 582 1686 die
623 1655 699 1694 24.
731 1641 920 1686 mensis
948 1637 1172 1704 Aprilis,
1208 1640 1442 1686 Viennae
1479 1641 1531 1686 in
1555 1638 1687 1687 Aca·
1747 1647 1750 1707 ζ

315 1716 514 1765 demico
564 1718 673 1767 Soc.
725 1718 839 1765 Iesu
877 1717 1107 1784 templo,
1164 1717 1251 1766 ubi
1311 1720 1685 1783 qvinqvaginta
1725 1764 1729 1773 ,

313 1808 432 1844 ante
482 1813 640 1844 annos
672 1835 686 1856 ,
740 1799 962 1862 primam
1000 1796 1115 1844 Deo
1165 1796 1383 1845 hostiam
1418 1797 1687 1856 litaverat,

316 1875 486 1924 eidem
525 1893 662 1924 nunc
699 1876 1052 1935 Sacrificium,
1105 1893 1293 1942 magno
1329 1878 1535 1942 pietatis
1571 1892 1686 1923 sen-

315 1972 373 2002 su
408 1958 733 2004 instauravit.
808 1956 1071 2020 Qvantum
1108 1955 1198 2003 sub
1223 1965 1386 2002 totum
1424 1953 1519 2003 hoc
1553 1965 1684 2003 tem·
1775 2000 1779 2002 .

319 2052 413 2101 pus
454 2033 767 2101 impenderit
818 2037 984 2092 aeriS,
1036 2035 1300 2097 utriusqve
1350 2033 1686 2100 Reipublicae
1757 2023 1779 2030 ’

314 2130 498 2173 causa,
534 2117 726 2181 primus
762 2113 992 2181 prodidit
1030 2112 1264 2161 Andreas
1301 2111 1582 2171 Matusek,
1634 2130 1687 2160 e·
1758 2140 1766 2171 g

315 2196 390 2241 ius
442 2204 558 2258 post
611 2204 866 2253 mortem,
922 2209 1050 2257 qvae
1104 2192 1305 2239 Posonii
1352 2206 1483 2241 anno
1541 2190 1690 2253 1695.

318 2272 402 2322 die
445 2280 518 2330 18.
553 2271 853 2332 Februarii,
892 2275 1032 2321 vitae
1074 2272 1352 2318 centesimo
1391 2270 1543 2316 tertio
1571 2286 1693 2317 con-
1764 2302 1775 2320 .

1483 2360 1618 2414 ugit,

381 2479 429 2536 f)
464 2482 780 2523 Connumerat
810 2481 928 2524 hunc
962 2482 1005 2523 in
1051 2482 1168 2523 serie
1203 2479 1602 2526 cancellariorum
1636 2480 1695 2522 ad
1767 2489 1774 2537 2

433 2548 552 2590 hunt:
597 2565 698 2593 ann.
747 2552 847 2602 piae
890 2551 1140 2591 memoriae
1188 2550 1415 2605 Georgius
1447 2550 1601 2604 Pray‚
1647 2549 1694 2591 in

438 2616 552 2660 alias
586 2615 950 2662 commemorata
981 2619 1098 2660 serie
1145 2618 1355 2662 clnonol.
1389 2617 1697 2663 cancellario·
1770 2623 1774 2669 J

429 2694 532 2727 rum
563 2694 648 2729 etc.
679 2700 784 2743 pag.
822 2699 911 2743 134.
