1779 3128
331 217 419 266 162
916 223 1099 244 “““····““··

916 245 1100 256 ——-.-.

326 336 612 405 Stephanus
662 323 911 403 Kaprinai
960 337 1438 406 historiographuS,
1488 348 1539 387 et
1584 351 1707 388 cum

329 419 421 467 sibi
468 419 775 467 amicissimo
825 418 879 468 P.
919 418 1132 468 Nicolao
1190 418 1441 483 Schmitth
1477 435 1703 467 commun
1740 470 1741 473 Ἴ

328 498 541 545 nic-avit.
577 496 636 557 x)
709 496 783 544 Ex
820 499 961 545 cuius
1000 497 1153 547 'docto
1184 515 1375 564 opere,
1412 515 1525 546 cum
1562 495 1706 546 aliud

330 592 437 624 non
474 573 776 634 didicerim,
814 593 913 640 qvo
947 594 1026 625 res
1067 577 1235 627 dictae
1265 576 1459 645 Synodi
1493 587 1706 644 possent

329 655 607 714 illustrari,
653 655 830 703 literas
877 654 943 704 ad
994 657 1214 705 verbum
1263 655 1531 705 describo:
1571 659 1706 705 Dio-

328 739 505 799 nysius
539 739 762 790 miserat.
799 739 970 783 divina
1005 741 1088 784 tit.
1131 737 1182 784 S.
1227 740 1436 800 Cyriaci
1466 741 1515 783 in
1574 742 1707 785 ther-

326 820 420 862 mis
449 825 805 861 sacrosanctae
853 817 1003 864 Rom.
1054 818 1315 866 Ecclesiae
1364 817 1539 864 Presb.
1584 819 1705 862 Car-

328 896 511 941 dinalis
543 896 609 942 A.
642 897 918 955 Episcopus
956 895 1112 958 Strig.
1150 897 1334 958 lociqve
1364 897 1582 942 eiusdem
1614 897 1706 942 Co-

327 991 427 1021 mes
458 983 758 1035 perpetuus,
791 976 1023 1031 Primas,
1063 984 1112 1020 et
1148 979 1328 1035 Apost.
1367 974 1508 1021 Sedis
1539 974 1704 1037 Lega-

329 1064 411 1099 τας
461 1063 625 1100 natus.
715 1054 936 1100 Dilectis
984 1054 1126 1099 nobis
1173 1056 1223 1099 in
1278 1055 1478 1100 Christo
1516 1069 1619 1100 ven.
1656 1060 1708 1098 et

329 1135 561 1178 diseretis
610 1134 730 1178 viris
749 1167 765 1190 ,
822 1132 1058 1179 Dominis
1108 1134 1158 1178 in
1194 1135 1254 1179 de
1289 1131 1454 1193 ἱείς-’β
1486 1168 1503 1188 ,
1559 1135 1609 1178 in
1643 1133 1707 1178 de

327 1211 508 1270 Iafzov
553 1211 897 1271 Praepositis,
942 1229 1003 1257 ac
1052 1213 1111 1256 'de
1156 1212 1326 1258 eadem
1375 1212 1556 1272 Iaszov
1589 1212 1707 1258 Ple-

329 1293 491 1347 bano,
532 1290 796 1349 Dioecesi,
831 1300 879 1336 et
907 1292 1251 1337 z'urzlcdictz'om'
1273 1290 1540 1351 Spirituali
1572 1289 1705 1336 Stri-

332 1371 565 1432 goniensi
608 1371 844 1416 subiectis
891 1370 1138 1426 salutem,
1190 1380 1240 1415 et
1274 1372 1322 1416 in
1363 1370 1585 1417 Domino
1617 1386 1711 1429 pa,-

333 1459 527 1494 ternam
573 1449 975 1496 benedictionem.
1083 1451 1216 1514 Qvia
1277 1458 1567 1495 sanctorum
1606 1448 1709 1495 Pa-

333 1537 470 1573 trum
524 1529 772 1573 Canonica
817 1529 992 1574 sanxit
1045 1530 1333 1574 authoritas
1362 1562 1379 1586 ,
1434 1528 1712 1574 Antistites

336 1606 639 1669 Synodalem
674 1608 807 1652 Cleri
835 1623 956 1652 suae
981 1606 1286 1653 Dioeceseos
1323 1606 1573 1652 celebrare
1597 1622 1710 1651 con·

333 1687 676 1748 gregationem
702 1720 718 1743 ,
786 1695 842 1731 ut
888 1702 979 1747 per
1031 1686 1258 1732 salubres
1309 1687 1708 1742 exhortationes,
1778 1685 1779 1693 ’

339 1766 733 1810 Constitutiones
779 1762 1058 1827 Synodales
1087 1797 1104 1822 ,
1158 1765 1208 1811 e't
1247 1763 1521 1811 Canonicas
1554 1766 1711 1809 mom·-

338 1846 497 1888 tiones
532 1846 656 1888 vitia
706 1846 1079 1905 exstirpentur,
1136 1847 1349 1891 virtutes
1403 1845 1711 1901 inserantur,

334 1931 480 1967 actus
529 1924 698 1982 noxii,
748 1932 797 1968 et
831 1925 1153 1984 disciplinae,
1203 1923 1555 1985 aequitatisqye
1592 1939 1709 1967 nor-

334 2019 416 2047 ma
451 2003 737 2063 dirigatur,
791 2001 970 2048 Status
1025 2002 1400 2058 Ecclesiarum,
1456 2010 1505 2045 et
1534 2012 1708 2062 perso-

335 2097 426 2126 nae
466 2082 859 2126 Ecclesiasticae
894 2082 1248 2142 reformentur.
1333 2079 1409 2127 Ne
1462 2082 1620 2142 igitar
1650 2081 1713 2124 de

336 2161 563 2205 manibus
614 2162 833 2217 nostris,
883 2162 967 2222 qvi
1013 2162 1063 2206 in
1113 2169 1308 2221 partem
1357 2160 1714 2204 sollicitudinis

338 2241 508 2285 divina
558 2240 876 2285 miseratione
923 2242 1093 2285 vocati
1138 2253 1342 2292 summ,
1392 2238 1710 2283 subditorum

343 2328 629 2364 nostrorum
676 2320 880 2381 sanguis
915 2320 965 2365 in
1023 2319 1249 2363 districti
1279 2318 1457 2361 iudicii
1486 2317 1715 2361 examine

341 2400 661 2457 requiratur,
719 2399 895 2444 habita
940 2414 1088 2458 super
1125 2399 1203 2441 lu’s
1239 2412 1336 2440 una
1368 2412 1479 2440 cum
1518 2411 1716 2440 venera·

340 2477 522 2522 bilibus
539 2507 554 2531 ,
592 2486 641 2521 et
678 2479 1050 2538 circumspectis
1087 2477 1210 2521 viris
1244 2475 1482 2522 Dominis
1520 2476 1579 2520 de
1623 2475 1716 2519 Ca-

1562 2555 1638 2615 pi·

400 2656 452 2710 Χ)
483 2659 552 2700 Ita
583 2655 678 2709 ipse
701 2655 848 2700 refert
878 2658 925 2699 in
955 2657 1105 2715 Hung.
1140 2657 1445 2712 diplomatica
1476 2664 1563 2699 etc.
1593 2662 1714 2708 part.

450 2724 490 2767 1.
523 2737 627 2781 pag.
663 2729 754 2779 169.
