1779 3128
104 366 200 402 tur.
284 353 400 413 Cap.
434 348 512 399 60.
561 349 841 415 Presbyter
877 350 1267 398 concubinarius
1305 348 1466 414 depo-

101 442 264 481 natur.
339 435 454 493 Cap.
493 430 572 479 61.
611 428 857 477 Canonici
906 430 1139 494 regulam
1185 446 1327 477 suam
1371 445 1463 476 no-

99 511 285 558 verint.
360 514 477 571 Cap.
511 509 595 568 62.
637 508 866 556 Clericus
904 508 1023 567 fur,
1064 510 1338 576 Episcopi,
1375 508 1463 555 vel

96 586 464 638 Archidiaconi
501 587 660 636 subsit
694 587 919 649 iudicio;
957 606 1102 646 reus,
1152 587 1461 654 deponatur,

97 667 338 732 bonaqve
375 668 465 716 su'a
490 666 713 734 perdat:
750 666 879 715 nihil
915 667 1186 734 possidens
1210 705 1224 727 ,
1263 666 1462 715 venda-

97 757 196 796 tur.
281 752 397 810 Cap.
439 747 520 806 63.
576 745 760 794 Clerici
801 764 896 795 nec
937 747 1292 795 foeneratores
1342 749 1462 803 sint,

97 843 270 891 neqve
318 827 615 876 tabernarii.
697 826 889 876 Bibens
937 829 988 874 in
1037 827 1251 875 taberna
1302 824 1464 873 Cleri-

98 922 218 964 cus,
256 906 570 972 deponatur3
612 905 797 954 Laicus
825 924 853 955 a
885 904 1196 973 praestando
1233 909 1465 954 testimo-

100 989 186 1033 nio
237 987 534 1052 repellatur.
637 992 753 1050 Cap.
801 986 909 1043 64(
943 990 1126 1034 Clerici
1166 997 1319 1034 testes
1368 1005 1464 1033 non

97 1071 233 1125 sint,
285 1071 384 1114 nisi
416 1071 466 1114 e'n
503 1078 800 1115 testamento
834 1069 1127 1125 morientis,
1180 1068 1260 1113 vel
1288 1084 1463 1114 sacra·

98 1159 297 1204 mento,
343 1149 422 1192 vel
455 1165 548 1207 pro
595 1150 795 1194 iudicio.
844 1144 906 1208 b)
998 1149 1114 1207 Cap.
1152 1144 1231 1202 65.
1280 1141 1466 1192 Judaei

99 1241 272 1272 servos
309 1235 357 1271 et
393 1224 635 1284 ancillas,
673 1225 761 1272 vel
786 1226 1133 1272 mercenarios
1161 1240 1186 1270 e
1220 1221 1466 1271 Christia-

24 1291 26 1293 θ
83 1306 175 1360 ‚nis
212 1301 400 1350 habere
424 1319 524 1350 non
555 1305 740 1352 ausint.
809 1306 991 1352 Nullus
1016 1307 1330 1351 Christianus
1356 1322 1468 1351 car-

101 1401 185 1432 nes
220 1386 282 1430 ab
319 1387 388 1429 εἰς
425 1393 620 1443 spretas
658 1401 813 1429 emere
842 1392 1151 1444 praesumat.
1204 1382 1258 1444 C)
1349 1387 1468 1444 Cap.

101 1461 181 1510 66.
220 1460 300 1508 De
345 1463 568 1527 propriis
605 1459 831 1519 horreis,
879 1477 968 1508 seu
1019 1460 1238 1508 cellariis
1265 1497 1279 1519 ,
1317 1461 1468 1509 ovili-

99 1542 192 1592 bus
227 1541 693 1600 Monasteriorum,
743 1551 794 1588 et
831 1539 1177 1588 Ecclesiarum
1215 1543 1467 1599 omnium,

104 1636 236 1684 qvae
286 1622 336 1667 in
375 1619 526 1668 Clero
575 1632 720 1679 sunt,
771 1619 1006 1693 decimae
1041 1636 1143 1668 non
1182 1623 1469 1686 exigantur,

102 1710 315 1766 excepta
361 1711 509 1766 parte
569 1712 752 1766 qvarta
800 1689 1097 1767 Presbyteri
1151 1698 1470 1750 Parochiani.

1337 1777 1400 1842 d)

159 2003 212 2058 b)
243 2002 398 2047 Lectio
428 2003 700 2048 Keller-iana
730 2004 793 2047 sic
821 2003 1000 2049 habet:
1050 2008 1106 2046 Ut
1141 2006 1302 2046 Clerici
1329 2013 1473 2046 testes

212 2087 296 2112 non
324 2078 443 2122 sint,
483 2088 561 2113 nec
601 2079 642 2113 1¹11
674 2083 942 2114 testamento
974 2080 1200 2114 morientis
1220 2102 1234 2122 ,
1278 2076 1354 2113 vel
1385 2087 1471 2126 pro

213 2151 519 2190 sacramento,
548 2145 623 2182 vel
643 2157 727 2195 pro
757 2143 932 2183 iudicio.
992 2145 1118 2198 Qvae
1148 2142 1209 2184 s'it
1235 2142 1470 2184 recentior

215 2210 260 2250 in
291 2209 498 2253 Ecclesia
527 2209 676 2266 Hung.
710 2210 837 2254 circa
874 2210 1192 2252 testimonium
1224 2226 1250 2254 a
1282 2210 1470 2254 Clericis

213 2277 393 2320 tamin
432 2276 533 2318 foro
580 2279 860 2331 strepitoso,
901 2292 1034 2333 qvam
1079 2280 1124 2320 in
1166 2279 1474 2327 testamentis,

213 2358 290 2387 seu
327 2344 516 2397 valide,
554 2346 647 2390 sive
689 2347 894 2391 invalide
935 2347 1247 2388 exhibendum
1277 2376 1289 2395 ,
1332 2348 1471 2389 docui

213 2412 260 2452 in
289 2417 391 2456 Iure
422 2415 537 2468 priV.
560 2415 795 2459 Ecclesiae
823 2416 972 2472 Hung.
1033 2416 1079 2469 c)
1110 2417 1370 2457 Membrum
1390 2416 1478 2456 hu-

214 2480 280 2523 ius
321 2483 662 2527 constitutionis
704 2483 903 2527 alterum
935 2513 948 2532 ,
1003 2484 1133 2527 deest
1171 2485 1219 2525 in
1266 2485 1474 2526 editione

216 2543 510 2594 Peterffiana.
567 2551 672 2593 Vult
702 2562 855 2595 autem
878 2553 1033 2593 dicere
1050 2582 1063 2601 ,
1093 2566 1149 2593 ne
1173 2562 1355 2606 partem
1377 2554 1475 2596 ania

220 2614 350 2658 malis
368 2645 380 2664 ,
409 2632 540 2671 qvam
571 2620 657 2673 ipsi
690 2621 1009 2674 superstitiose
1035 2630 1200 2674 putant
1218 2650 1232 2670 ‚
1264 2621 1349 2663 sibi
1376 2635 1472 2662 esse

222 2683 433 2728 illicitam
466 2688 523 2730 ad
551 2690 860 2739 vescendum,
893 2689 1180 2733 Christianus
1213 2698 1355 2736 emat,
1385 2688 1480 2728 hoc·

224 2762 359 2806 pacto
391 2758 762 2811 superstitionem
793 2758 1023 2804 iudaicam
1055 2757 1426 2803 confirmatu-sas,
