1779 3128
694 222 879 242 ·“““·····
1414 213 1555 276 73‘

101 354 218 387 cere
258 347 545 386 teneantur.
631 335 718 384 Uti
754 348 802 385 et
841 335 1274 404 Archiepiscopi,
1303 351 1371 385 ac
1416 337 1485 384 E-

40 460 42 462 ,
98 420 295 484 piscopi
318 455 331 476 ,
369 418 491 466 dum
529 415 736 483 Synodo
766 417 1077 482 provinciali
1106 420 1274 483 primo
1311 420 1481 465 omni-

100 515 186 544 um
223 500 339 544 vice
386 500 688 545 intererunt.
780 494 1027 543 Canonici
1066 513 1308 560 qvoqve,
1353 497 1477 546 dum

100 588 150 624 et
181 576 421 641 qvando,
460 576 864 633 Canonicatum,
902 574 989 622 vel
1021 575 1326 641 dignitatem
1351 593 1475 623 con·

98 667 399 719 seqvuntur.
484 655 592 704 Nec
626 655 782 702 liceat
821 655 1065 703 distincta
1102 658 1176 703 uti
1215 655 1474 717 formula3

98 746 327 782 attamen
379 735 520 783 salva
572 737 725 783 etiam
776 734 839 782 ab
886 732 982 781 hac
1044 732 1327 794 distincta,
1378 752 1473 800 per

100 830 258 877 qvam
287 813 534 862 videlicet
562 814 974 880 privilegiorum,
1008 824 1334 872 statutorum,
1361 813 1473 861 lau-

97 892 457 958 dabiliumqve
499 892 931 942 consvetudinum
961 892 1294 955 observantia
1322 910 1475 959 spon-

98 972 265 1023 detur.
350 981 394 1027 8.
454 973 533 1021 De
585 971 946 1021 Sacerdotibus
998 971 1475 1030 Conventualibus‚

95 1051 496 1111 parochiarum,
553 1052 879 1116 aliorumqve
930 1052 1318 1101 Beneficiorum
1372 1052 1478 1100 Re·-

94 1131 346 1188 ctoribus,
395 1131 919 1197 idem-intelligatur.
1001 1147 1049 1194 9.
1087 1130 1170 1179 Ad
1207 1130 1347 1180 idem
1383 1132 1476 1180 ob·-

93 1213 288 1268 stricti,
325 1210 520 1275 publici
560 1210 883 1258 Professores
911 1209 1333 1270 Academiarum,
1366 1210 1479 1277 Gy-

90 1292 440 1346 mnasiorum,
481 1299 529 1336 et
568 1287 838 1340 Ludornm
873 1289 1256 1348 literariorum,
1299 1293 1389 1348 ita,
1426 1300 1484 1338 ut

91 1371 446 1418 testimonium
482 1379 726 1434 peractae
766 1368 1133 1435 professionis,
1182 1387 1275 1436 per
1312 1369 1475 1418 Nota·-

91 1452 224 1496 rium
275 1447 544 1514 publicum
594 1448 725 1507 fiat,
780 1448 840 1512 h)
907 1447 1048 1513 qvod
1111 1451 1163 1497 in
1214 1448 1477 1497 Archiviis

90 1528 390 1576 Praesulum
434 1526 755 1577 adservetur.
832 1544 905 1578 10.
945 1527 1233 1577 Ordinariis
1273 1532 1472 1577 eniten-

92 1607 217 1655 dum
268 1618 376 1665 est,
427 1617 482 1655 ut
530 1623 559 1654 a
602 1606 778 1669 libris,
830 1619 880 1657 et
928 1609 1199 1657 cantilenis
1244 1626 1476 1659 errorem

92 1686 514 1746 continentibus,
568 1686 712 1753 plebs
753 1699 1003 1737 arceatur.
1078 1703 1152 1738 11.
1190 1688 1471 1737 Librorum

90 1784 331 1831 qvoqve,
375 1778 463 1815 aut
501 1767 875 1816 cantilenarum
906 1770 1320 1834 impressionem,
1359 1771 1472 1816 sine

71 1845 471 1914 adprobatione
520 1846 660 1895 haud
707 1850 1029 1914 permittant.
1120 1863 1193 1897 12.
1234 1848 1469 1914 Vigilan-

89 1925 214 1975 dum
255 1938 330 1974 est
366 1925 553 1974 iisdem
590 1939 768 1976 contra
807 1930 1184 1994 superstitiosas
1224 1928 1468 1976 observa-

89 2010 292 2065 tiones,
341 2008 717 2069 divinationes,
769 2008 1063 2055 iudiciarias
1112 2020 1277 2067 artes,
1330 2007 1469 2054 blas-

87 2085 358 2154 phemias,
394 2089 710 2153 periurium,
747 2089 1146 2136 irreverentiam
1175 2087 1467 2137 Sacrorum.

1087 2433 1138 2506 §.
1175 2437 1396 2488 XXVII.

146 2592 196 2646 h)
229 2594 295 2634 De
326 2594 509 2655 his-ego
543 2600 737 2642 tractavi
768 2601 813 2642 in
836 2600 952 2643 Hist.
985 2593 1109 2638 Eccl.
1142 2596 1202 2642 R.
1231 2599 1285 2640 H.
1312 2612 1465 2641 amoe-

202 2663 283 2702 uit.
326 2661 475 2706 fascic.
516 2669 551 2710 Ι.
593 2683 717 2714 num.
763 2682 802 2723 4.
845 2679 892 2713 et
936 2670 981 2711 in
1023 2673 1129 2714 Iure
1172 2667 1301 2724 publ.
1334 2666 1458 2710 Eccl,

201 2731 350 2788 Hung.
384 2731 424 2790 ᾗ.
461 2743 551 2788 148.
720 2728 729 2735 “
