1779 3128
354 60 389 86 el

307 225 372 285 64
905 231 1090 250 ·“·“·“·““·

308 345 608 411 Telekessy
658 343 1015 411 Praepositum
1062 344 1109 395 S.
1162 343 1339 394 Crucis
1377 344 1441 394 de
1479 344 1683 406 Lelesz,
1740 379 1744 383 -

309 438 361 476 et
399 425 701 491 Capitulum
749 423 812 473 de
851 424 1208 474 Castroferreo
1237 463 1253 488 ,
1309 424 1480 490 qvoad
1524 420 1684 474 ‘Prae-

302 504 712 575 posituram‘de
758 503 922 568 Turje
973 504 1214 564 obmota,
1267 505 1424 554 finem
1473 509 1682 573 accipit,

304 596 356 635 et
393 584 733 634 Telekessius
772 601 978 633 causam
1011 585 1257 634 lucratur.
1336 600 1407 634 12.
1447 585 1685 651 Origina-

305 667 380 715 lia
419 664 768 726 documenta,
817 665 1001 729 qvibus
1050 665 1317 713 Bonorum
1365 666 1686 714 Ecclesiasti-

310 763 487 795 corum
521 747 835 794 sustinentur
871 748 1014 803 iura,
1052 745 1273 793 Praelati
1310 743 1559 811 Capitulis
1597 763 1684 793 cu·

306 823 583 873 stodienda
635 823 860 874 tradant.
944 823 1087 872 Idem
1139 841 1344 889 qvoque
1386 823 1459 872 ‘de
1507 825 1683 873 cleno-

243 932 248 936 ·
309 903 407 952 diis
458 902 806 961 desolatarum
857 903 1238 962 Ecclesiarum,
1296 903 1683 952 et‘Sanctorum

305 966 543 1047 reliqviis
589 983 928 1048 intelligatur.
1006 995 1081 1040 13.
1120 982 1468 1048 Scepusiensis
1504 981 1684 1032 Eccle-

305 1066 413 1111 siae
468 1062 784 1128 Collegiatae
836 1062 1201 1127 praepositus,
1257 1078 1285 1109 a
1339 1079 1431 1109 sua
1479 1061 1711 1110 iurisdi-·

309 1145 482 1190 ctione
531 1140 814 1207 impeditus
861 1158 956 1208 per
1001 1141 1320 1208 Episcopum
1373 1141 1684 1190 Cracovien-

310 1239 454 1281 sem,
505 1233 560 1270 ut
607 1223 705 1269 iuri
754 1238 844 1269 suo
897 1224 1058 1287 possit
1105 1223 1683 1279 restitui,stestimonia

309 1313 428 1350 sunt
466 1300 805 1367 excipienda,
855 1311 905 1348 et
942 1298 1232 1365 colligenda
1267 1299 1486 1348 literalia
1525 1301 1681 1348 docu-

308 1392 486 1429 menta
522 1377 622 1427 huc
661 1381 971 1438 servientia,
1024 1396 1156 1443 qvae
1196 1379 1313 1427 Secli
1350 1380 1682 1445 Apostolicae

305 1460 711 1508 substernantur.
786 1474 863 1515 14.
902 1458 1379 1506 Ecclesiasticorum
1405 1470 1682 1507 testamen-

304 1551 387 1597 ta,
447 1539 824 1588 confirmationi
873 1538 1173 1586 praesulum
1210 1538 1534 1595 subiaceant3
1592 1541 1681 1602 qvi

306 1617 437 1667 haec
461 1655 476 1675 ,
515 1619 611 1665 nisi
645 1616 845 1683 legibus
883 1615 1243 1676 adversantia,
1299 1617 1388 1665 vel
1423 1617 1682 1665 inofficio-

307 1714 362 1746 sa
396 1697 622 1756 fuerint,
672 1697 999 1744 confirment.
1087 1696 1377 1745 Substantia
1416 1713 1543 1744 vero
1591 1695 1680 1743 de-

309 1778 606 1826 cedentium
643 1776 705 1824 ab
745 1778 1016 1834 intestato,
1066 1776 1283 1823 exolutis
1323 1760 1561 1833 debitis,'
1588 1773 1682 1822 do-

310 1858 538 1905 mesticis
576 1854 912 1903 servitoribus
935 1892 948 1913 ,
1001 1866 1049 1903 et
1086 1855 1386 1904 funebribus
1424 1856 1680 1919 expensis,

306 1934 483 1985 habita
521 1938 741 2000 insuper*
760 1924 1022 2000 egentium
1054 1925 1557 2000 c'onsangvineorum
1593 1949 1680 1980 cu-

307 2032 367 2063 ra
391 2050 405 2070 ,
443 2025 810 2080 supernatans,
862 2014 922 2061 ab
965 2013 1222 2080 Episcopo
1263 2029 1378 2060 cum
1416 2014 1544 2059 scitu
1583 2010 1681 2058 Ca-

308 2093 496 2161 pituli,
537 2097 590 2141 in
631 2110 748 2141 usus
788 2095 935 2158 pios,
988 2109 1045 2140 ac
1079 2093 1417 2159 praeprimis,
1455 2089 1521 2138 ad
1555 2090 1682 2139 Alu-

309 2191 548 2221 mnorum
585 2175 1006 2223 intertentionem
1044 2182 1429 2219 convertantur.
1466 2171 1526 2233 x)
1603 2183 1681 2229 15.

313 2252 679 2318 Opulentiores
716 2250 991 2307 Canonici,
1046 2267 1250 2316 semper
1285 2249 1482 2313 aliqvid
1521 2248 1681 2296 Semi-

311 2333 489 2387 nario,
527 2332 708 2396 vigore
749 2334 1044 2379 testamenti
1078 2331 1391 2393 relinqvant.
1470 2329 1542 2376 16.
1585 2327 1680 2375 Or-

315 2407 502 2456 dinarii
540 2410 770 2475 Synodos
810 2411 1199 2467 Dioecesanas,
1246 2411 1376 2456 iuste
1412 2406 1552 2456 haud
1587 2411 1682 2454 im-

1523 2503 1615 2552 Pe·

367 2606 421 2659 x)
451 2605 601 2646 Hodie
634 2605 835 2659 qvaliter
868 2605 924 2646 de
951 2605 1202 2648 substantia
1230 2604 1681 2653 Ecclesiasticorum,

423 2675 482 2714 sit
525 2675 901 2726 disponendum,
939 2674 1043 2715 vide
1083 2687 1237 2714 meum
1283 2674 1355 2714 Ius
1397 2672 1526 2728 publ.
1557 2670 1680 2714 Eccl-

423 2743 572 2798 Hung.
605 2740 643 2799 §.
677 2756 769 2796 293.
