1779 3128
280 195 374 250 298
875 190 1060 208 ··“·““““

274 324 398 368 nes,
448 325 540 376 per
576 318 677 356 tres
714 308 982 356 continuos
1023 308 1131 357 dies
1176 309 1350 360 festos.
1423 312 1646 378 Qvodsi-

272 389 462 438 fuerint
509 389 682 453 sponsi
725 388 977 436 distin-ctis
1030 391 1082 436 in
1123 389 1414 451 parochiis,
1452 393 1650 440 utrobi-

277 486 375 532 qve
414 467 763 533 promulgati,
817 484 920 535 per,
945 468 1173 533 Sponsae
1211 469 1496 519 Parochum
1530 488 1652 519 con-

275 548 572 612 iungantur.
658 547 717 594 In
756 545 999 594 Adventu
1048 565 1205 607 vero,
1262 561 1310 597 et
1350 550 1652 617 Qvadrage-

276 629 442 683 sima,
494 625 750 692 copulatio
799 637 1018 675 vetatur.
1110 633 1155 680 8.
1201 627 1370 694 Vagi,
1416 630 1653 678 volentes

274 707 550 771 coniungi,
589 705 656 754 ad
685 706 1000 772 Episcopum
1027 708 1366 755 remittantur.
1434 707 1541 756 Nec
1577 709 1654 757 ul-

274 783 356 832 lus
407 784 680 850 copuletur
733 785 928 849 absqve
978 796 1114 833 certa
1158 787 1374 846 notitia,
1426 782 1654 852 primum

274 864 366 912 vel
415 862 641 930 primam
693 867 965 930 coniugem
1014 867 1120 911 eius
1171 863 1351 913 obiisse
1385 901 1400 923 ,
1449 870 1657 915 tametsi

272 944 487 1008 triginta
528 946 631 991 iam
671 946 816 992 annis
854 943 1073 992 abesset.
1157 958 1202 1005 9.
1240 943 1536 993 Abolendus
1575 956 1654 994 est

274 1040 422 1082 mos,
477 1026 712 1089 ingentia
748 1023 881 1092 dona
923 1039 1142 1089 sponsae
1179 1025 1482 1091 propingvis
1522 1023 1655 1073 offe-

272 1101 443 1152 rendi.
515 1102 691 1166 Atqve
741 1119 918 1150 omnes
969 1118 1255 1169 expensae,
1308 1104 1527 1151 florenos
1565 1101 1656 1151 de-

275 1199 392 1233 cem
445 1180 586 1230 haud
636 1180 905 1231 excedant.
1013 1197 1086 1231 10.
1135 1181 1342 1230 Praesto
1395 1186 1491 1230 sint
1539 1182 1663 1232 libri

274 1251 642 1327 baptismaleS,
682 1271 732 1310 et
756 1262 1231 1311 Matrimoniorum.
1304 1260 1581 1327 Copulatio
1603 1264 1659 1309 in

275 1340 545 1399 Ecclesia,
597 1352 646 1388 et
697 1351 814 1388 ante
862 1338 1131 1389 meridiem
1182 1341 1290 1389 fiat.
1369 1355 1441 1389 11.
1479 1341 1658 1389 Sermo

276 1420 582 1483 freqventer
612 1418 917 1479 habendus,
956 1417 1020 1467 ad
1047 1431 1258 1486 captum
1291 1419 1476 1484 plebis,
1547 1418 1657 1467 Te-

275 1516 403 1548 nera
454 1503 613 1556 etiam
662 1510 802 1548 aetas
856 1499 1136 1548 erudiatur.
1205 1499 1376 1556 Ante,
1415 1498 1500 1547 vel
1538 1509 1657 1564 post

275 1582 583 1628 concionem
625 1579 762 1627 elata
798 1596 929 1627 voce
966 1589 1306 1645 praeoretur,
1346 1577 1496 1626 Pater
1525 1615 1541 1637 ,
1588 1577 1664 1626 A·

274 1677 374 1719 ve,
414 1659 753 1723 Symbolum,
792 1658 1103 1724 decalogus,
1139 1655 1406 1705 Ecclesiae
1443 1673 1656 1724 praece-

271 1750 379 1806 pta.
457 1753 530 1787 12.
566 1738 715 1786 Ritus
754 1738 1103 1786 Ecclesiastici
1135 1754 1251 1786 cum
1288 1741 1431 1794 omni
1468 1736 1654 1785 decore

274 1817 580 1885 peragendi.
671 1817 995 1867 Eucharistia
1028 1854 1044 1878 ,
1094 1834 1197 1866 non
1249 1819 1300 1866 in
1352 1832 1655 1884 parasceve,

275 1896 370 1945 sed
406 1898 535 1947 feria
571 1899 750 1962 qvinta
791 1896 1039 1965 sepulcro⁴
1079 1896 1367 1945 inferenda.
1460 1897 1521 1944 In
1558 1899 1659 1945 Ec-

281 1982 547 2026 clesiarum
588 1980 1021 2035 dedicationibus,
1061 1988 1111 2024 et
1145 1977 1534 2039 conventiculis,
1568 1993 1658 2037 po-

275 2060 394 2120 pulo
425 2061 615 2120 pietate
646 2059 1004 2120 praeluceant,
1054 2074 1195 2120 seqve
1245 2058 1317 2111 ad
1346 2058 1660 2102 devotionem

272 2142 444 2201 potius
482 2171 496 2194 ,
547 2156 689 2201 qvam
745 2140 1198 2183 commessationem
1251 2138 1439 2182 venisse
1490 2143 1660 2179 osten·

274 2220 418 2264 dafzc.
496 2229 572 2273 13.
613 2213 803 2262 Casum
827 2214 1344 2262 excommunicationi
1368 2211 1655 2258 obnoxium

276 2295 536 2362 Episcopo
587 2293 855 2352 referant,
905 2295 1042 2341 cuius
1092 2303 1166 2340 est
1213 2290 1344 2338 hanc
1380 2290 1656 2348 moderari,

277 2391 421 2423 secus
451 2373 906 2422 contemnendam.
984 2387 1057 2427 14.
1089 2369 1381 2436 Adparatus
1410 2384 1503 2434 pro
1527 2369 1659 2416 Mis-

277 2469 366 2501 sae
415 2451 678 2500 Sacrificio
728 2455 791 2500 sit
825 2449 1066 2500 mundus.
1163 2462 1235 2507 15.
1273 2447 1653 2495 Enumerantur

278 2532 411 2580 festa
443 2570 460 2593 ,
531 2532 591 2580 dc
656 2544 934 2600 praecepto
1001 2530 1244 2595 deinceps
1313 2525 1652 2577 observanda.

1496 2605 1594 2655 Hic
