1811 3128
726 215 917 234 '’⁸¹¹’‘
1481 220 1518 266 3

137 338 193 385 ih
230 332 423 397 Papam
473 328 787 389 commisso,
836 331 889 377 in
940 326 1173 377 Concilio
1223 328 1513 379 Hierosoli-

139 415 232 466 mis
269 410 331 459 ab
370 427 423 459 se
463 421 672 468 coacto,
713 410 1020 457 sententiam
1049 407 1390 458 anathematis
1430 421 1513 457 tu-

107 485 253 541 'lerit
290 493 340 537 in
378 489 686 550 Caesarem,
740 499 896 553 atqve
934 486 1067 535 hanc
1105 491 1155 535 in
1194 487 1415 553 Synodis
1440 505 1510 537 -a-

133 569 244 638 pud
282 568 542 627 Graecos,
581 560 965 634 Lotharingos‘,
1015 567 1273 625 Francos,
1336 567 1511 633 Unga-

133 666 216 698 ros
249 683 265 705 ,
323 659 372 696 et
420 645 646 696 Saxones
699 647 761 697 ab
814 663 867 695 se
917 649 1104 695 coactis
1136 684 1150 706 ,
1207 647 1510 695 renovando

133 728 554 786 confirmaverit,
608 727 662 789 e)
715 726 859 774 nullo
904 738 1024 776 tunc
1061 717 1295 783 ‚exstante
1335 726 1510 774 Ponti-

134 808 246 856 ficis
294 805 620 854 anathemate
654 841 669 866 ‚
720 817 896 854 contra
943 807 1227 854 Henricum
1280 822 1510 872 pronun-

134 872 288 935 effato.
359 887 417 934 In
457 902 646 949 qvem,
703 888 907 934 nonnisi
954 901 1086 933 anno
1138 883 1365 933 MCXII.
1423 902 1507 933 ca-

135 964 306 1014 lendis
345 966 603 1021 octobris,
651 965 757 1014 lata
808 982 905 1031 per
941 963 1208 1031 Synodum
1247 963 1514 1012 Viennen-

134 1061 245 1092 sem
282 1045 421 1110 apud
462 1042 676 1101 Gallos,
716 1046 1264 1092 excommunicationis
1304 1056 1511 1092 senten-

141 1127 243 1180 tia,
284 1124 453 1188 Papae
491 1125 681 1171 Literis
722 1123 864 1171 XIII.
899 1123 994 1171 cal.
1034 1123 1333 1170 novembris
1372 1140 1512 1173 anno

135 1200 321 1250 eodem
360 1205 578 1249 exaratis
607 1238 620 1259 ,
673 1202 1093 1258 confirmabatur.
1134 1201 1193 1264 f)
1236 1201 1389 1250 Unde
1430 1221 1510 1251 se-

98 1281 104 1284 ’
139 1283 315 1344 qvitur
341 1280 576 1339 forsitan,
612 1279 770 1343 qvod,
809 1284 849 1328 si
887 1292 1031 1328 tenet
1067 1278 1331 1328 adsertam
1359 1281 1510 1330 Ciac-

135 1361 270 1408 conii
323 1358 386 1407 de
433 1359 764 1426 promulgata
820 1361 875 1407 in
926 1357 1137 1424 Synodo
1191 1359 1509 1425 Hungarica‚

135 1438 399 1487 Pontificis
433 1450 610 1487 contra
639 1438 917 1487 Caesarem
943 1438 1049 1486 lata
1076 1440 1346 1496 sententia,
1378 1438 1512 1488 haec

136 1529 312 1566 nostra
363 1516 596 1584 Synodus
655 1534 789 1566 anno
836 1517 1037 1569 MCXI.
1084 1535 1239 1582 qvem
1290 1518 1364 1566 illi
1418 1518 1538 1566 ad-'

134 1597 243 1645 fixit
272 1597 573 1656 Pe‘terffius‚
610 1596 833 1646 necdum
864 1597 1021 1646 fuerit
1052 1609 1355 1646 convocata.
1409 1598 1509 1648 Cui

131 1674 369 1735 adserto,
406 1675 530 1724 haec
569 1680 726 1725 etiam
775 1675 1020 1725 videntur
1057 1690 1363 1743 argumenta
1400 1678 1509 1725 suf-

131 1754 350 1821 fragari:
391 1753 571 1820 Qvod,
612 1759 816 1805 tametsi
855 1757 1054 1817 facinus
1097 1768 1273 1804 contra
1311 1757 1507 1823 Papam

132 1833 196 1882 ab
232 1834 457 1883 Henrico
496 1835 852 1897 adtentatum,
893 1852 1031 1900 anno·
1072 1853 1208 1884 nunc
1246 1854 1506 1885 memora-

130 1923 184 1961 to
221 1916 527 1980 contigerit,
576 1916 636 1982 g)
686 1916 920 1981 longiore
971 1927 1145 1964 tamen
1195 1932 1338 1963 mora
1374 1927 1506 1964 tem·-

132 1995 273 2058 poris
313 1992 470 2043 fuerit
507 2012 668 2061 opuS,
719 2006 774 2043 ut
810 1995 949 2043 fama
985 1995 1156 2055 illins,
1211 1994 1374 2043 Roma
1411 2011 1505 2061 pe·

53 2107 59 2111 .
130 2062 357 2120 netraret
402 2089 565 2137 usqve
608 2075 999 2133 Ierosolimam,
1051 2090 1110 2122 ac
1162 2072 1283 2122 inde
1324 2073 1505 2121 Cardi-

132 2150 262 2198 nalis
315 2151 541 2219 Legatus
575 2190 590 2214 ,
659 2156 710 2201 in
763 2154 1080 2221 Hungariam
1141 2164 1502 2203 transmearet.

733 2233 779 2282 A
820 2249 847 2281 2
1163 2279 1166 2282 Δ
1270 2232 1437 2298 Qvam

188 2383 233 2439 e)
264 2386 331 2429 Ita
360 2383 507 2427 refert
538 2387 710 2429 Natalis
741 2388 1005 2431 Alexander
1036 2390 1082 2430 in
1113 2389 1226 2430 Hist.
1253 2389 1376 2433 Eccl.
1411 2403 1505 2433 sae-

246 2453 339 2494 culi
369 2455 446 2495 XI.
482 2465 527 2496 et
556 2457 656 2500 XII.
688 2458 878 2502 Dissert.
910 2467 1072 2513 qvarta
1096 2488 1112 2508 ,
1153 2458 1351 2500 articulo
1386 2459 1499 2499 duo⁴

172 2575 179 2578 ᾗ
243 2520 438 2571 decimo,
455 2537 579 2567 num.
610 2525 691 2569 III.
725 2539 780 2566 ex
811 2527 923 2568 actis
956 2528 1178 2581 postremi
1203 2527 1396 2568 Concilii
1421 2528 1502 2568 La-

241 2592 490 2631 teranensis
523 2621 536 2641 ,
581 2594 662 2633 sub
703 2594 921 2636 Paschali
960 2596 1086 2650 Papa
1119 2595 1382 2650 celebrati.
1453 2594 1500 2647 f)

240 2653 413 2696 Natalis
444 2661 546 2700 eod.
580 2670 665 2702 art.
699 2675 822 2703 num.
854 2663 935 2706 ΙΙΙ.
970 2672 1015 2705 et
1056 2677 1180 2706 num.
1216 2665 1262 2706 V.
1331 2663 1383 2721 g)
1417 2663 1504 2703 Na-

247 2722 329 2766 tal.
362 2725 437 2769 cit.
468 2728 661 2775 Dissert.
693 2730 889 2776 articulo
919 2732 999 2778 XI.
