1779 3128
262 231 327 268 20
853 224 1041 248 —'-'''⁸

264 355 400 406 qvae
448 338 669 397 obhnfit,
720 335 1426 404 poenan1subeattahonss.
1518 341 1637 399 Chp.

265 435 348 480 55.
389 419 584 479 Muiier
614 433 648 486 *a
673 419 787 465 viro
812 418 1059 484 profuga,
1098 417 1344 466 reddatur
1379 419 1424 463 ei
1452 415 1634 476 semel,

265 510 420 561 atqve
470 499 696 557 iterum3
745 496 966 563 profuga
1002 499 1154 545 tertio
1178 532 1193 555 ,
1231 498 1271 542 si
1307 495 1496 543 nobilis
1535 505 1651 555 est,

267 575 538 624 addicatur
572 578 953 642 poenitentiae,
1004 577 1114 623 sine
1151 592 1241 640 spe
1285 576 1539 639 coniugii,
1591 575 1634 621 si

267 655 471 722 plebeia
498 690 513 714 ,
558 655 917 714 venundetur,
982 654 1177 719 absqve
1223 670 1314 720 spe
1359 653 1634 702 libertatis.

269 735 328 782 Sc·
357 738 700 797 qvisuxorem
735 753 877 782 suam
913 737 1192 781 adulteram
1225 736 1510 795 probaverit
1532 770 1548 792 ,
1584 738 1637 781 si

269 816 483 861 voluerit
530 816 684 861 ducat
728 817 908 873 aliam,
958 816 1047 861 illa
1081 832 1194 860 vero
1240 817 1290 860 sc'
1320 815 1499 860 nobilis
1536 824 1634 871 est,

268 897 374 940 sine
407 910 490 954 spe
524 896 745 957 coniugii
768 896 1050 954 poeniteat,
1085 895 1135 938 si
1160 894 1382 953 plebeia,
1421 896 1525 939 sine
1551 910 1637 954 spe

270 974 522 1019 libertatis
553 974 871 1018 venundetur.
911 971 968 1032 Ζ)
1047 974 1162 1031 Cap.
1197 969 1279 1028 56.
1317 970 1366 1016 Si
1392 973 1503 1033 qvis
1539 987 1638 1036 pu-

274 1049 429 1098 ellam
467 1051 723 1113 rapuerit,
760 1048 846 1095 vel
882 1047 1194 1106 violaverit,
1242 1049 1284 1094 si
1318 1048 1505 1095 nobilis
1542 1060 1638 1108 est,

273 1128 555 1176 canonicae
591 1128 975 1191 poenitentiae,
1023 1136 1073 1174 et
1109 1126 1352 1175 solutioni
1389 1130 1640 1192 pecunia-

270 1209 379 1253 riae
417 1204 709 1266 subiaceat3
758 1207 926 1271 inrpar
969 1205 1249 1264 solvendo,
1286 1207 1427 1253 iuxta
1468 1206 1642 1272 legenz

272 1285 322 1332 S.
363 1283 592 1331 Ladislai
637 1282 911 1332 vendatur.
960 1283 1016 1347 a)
1110 1290 1225 1347 Cap.
1261 1298 1342 1344 57.
1392 1284 1643 1334 Desertor

273 1366 482 1423 uxoris,
533 1372 582 1410 et
631 1365 738 1419 eius
785 1364 836 1409 in
890 1361 1067 1410 odium
1119 1373 1409 1411 contractor
1461 1364 1642 1423 debiti,

273 1441 412 1491 unde
449 1452 612 1489 semet
657 1441 901 1507 expedire
946 1458 1048 1489 non
1093 1442 1238 1502 vult,
1291 1459 1496 1508 semper
1533 1460 1642 1491 ma-

274 1533 396 1570 neat
433 1524 485 1569 in
524 1523 806 1583 servitute,
856 1532 907 1569 et
952 1538 1168 1585 qvoqvo
1215 1522 1370 1570 modo
1406 1519 1638 1570 redditus

273 1600 541 1659 libertati,
588 1617 761 1648 rursus
807 1598 1108 1662 vendatur,
1163 1617 1288 1649 uxor
1336 1617 1462 1648 vero
1515 1604 1643 1661 eius,

209 1689 213 1693 “
276 1683 357 1729 cui
393 1680 535 1740 vult,
584 1679 763 1729 nubat.
850 1685 967 1744 Cap.
1015 1688 1097 1740 58.
1145 1680 1194 1728 Si
1233 1682 1346 1744 qvis
1387 1679 1451 1728 de
1490 1678 1642 1727 Clero

277 1754 556 1807 secundam
593 1776 840 1818 uxorem,
875 1759 963 1806 vel
994 1758 1240 1818 viduam,
1278 1759 1367 1807 vel
1402 1759 1643 1824 repudia-

276 1850 385 1887 tam
445 1837 687 1898 duxerit,
740 1836 1047 1905 deponatur.
1148 1844 1263 1901 Cap.
1307 1852 1387 1899 59.
1442 1838 1644 1903 Bigami

278 1916 606 1983 Presbyteri,
657 1919 746 1981 qvi
794 1917 860 1965 ad
907 1916 1113 1966 ordines
1165 1935 1280 1966 suos
1330 1917 1501 1965 redire
1550 1933 1644 1964 vo-

280 1996 501 2059 luerhu,
543 2012 605 2061 ex
643 1996 1707 2061 consensuxuxorunisuarunirecqfian·''

1476 2086 1578 2124 tur.

339 2245 385 2301 z)
418 2247 497 2287 Est
519 2246 640 2287 istud
662 2245 900 2288 conforme
921 2247 1200 2288 Graecorum
1222 2246 1496 2293 sententiae,
1515 2257 1649 2297 qvam

395 2315 601 2358 Ecclesia
632 2329 724 2356 non
769 2313 1018 2359 damnavit.
1076 2315 1238 2370 Legito
1270 2328 1420 2355 meum
1452 2313 1528 2354 Jus
1560 2312 1653 2364 pri-

391 2392 547 2425 vatum
607 2381 731 2427 Eccl.
780 2383 931 2439 Hung.
982 2382 1022 2441 ᾗ.
1074 2388 1168 2436 463.
1271 2381 1318 2433 a)
1363 2381 1654 2422 Provocatur

395 2450 455 2492 ad
487 2450 562 2498 id,
605 2451 727 2504 qvod
767 2450 943 2506 legitur
983 2452 1077 2493 eius
1122 2452 1246 2492 decr.
1286 2447 1369 2492 lib.
1411 2452 1578 2508 Lean.
1609 2461 1649 2488 (ι.

397 2518 447 2557 St
474 2524 569 2571 qviS
599 2529 747 2558 autem
778 2520 1026 2571 Presbyter
1056 2522 1254 2559 ancillam
1301 2532 1422 2558 suom
1441 2546 1453 2565 ,
1494 2522 1654 2556 uxoris

391 2591 435 2625 in
475 2589 617 2625 locum
657 2587 744 2627 sibl
778 2593 1096 2635 associaverit,
1136 2588 1331 2634 vendat,
1375 2595 1419 2626 et
1465 2591 1507 2625 si
1531 2587 1653 2625 nolu-

398 2659 513 2700 erit,
555 2655 862 2704 venumdetur,
903 2664 947 2695 et
983 2661 1175 2707 pretium
1220 2660 1342 2704 eius,
1381 2654 1441 2694 ad
1469 2652 1649 2705 Episco-

390 2734 497 2773 pum
528 2723 845 2770 tran-{feratur-
