1779 3128
728 211 910 238 z
1414 211 1502 260 195

146 329 264 374 belle·
293 323 486 372 artibus
526 326 682 382 σίανί,
731 342 794 370 ex
826 343 998 372 sorore
1047 343 1208 388 nepos.
1259 323 1316 386 i)
1402 323 1504 388 Qvi

141 424 255 454 cum
298 421 431 452 anno
484 418 623 463 1521.
673 403 812 468 apud
859 405 1057 452 Ducem
1090 442 1104 464 ‚
1152 406 1503 470 Senatumqve

138 488 512 544 Venetiarum,
573 502 668 551 pro
729 484 911 550 Regno
975 485 1271 551 Hungariae
1321 503 1505 533 munus

136 570 374 634 gessisset
421 569 670 635 motoris,
721 576 1063 629 conseqvutus
1115 576 1191 613 est
1241 582 1335 631 pro
1372 568 1506 613 eius-

135 647 253 694 dem
300 645 528 695 subsidio
559 683 573 704 ‚
623 645 786 692 millia
838 660 1108 692 aureorum
1161 647 1388 709 triginta.
1441 644 1503 706 k)

133 728 286 776 Anno
326 737 499 774 autem
540 726 678 784 1526.
720 740 817 788 qva
842 724 1092 772 Budensis
1122 724 1384 772 Ecclesiae
1423 725 1506 774 ΕΞ.

133 806 272 856 Petri
313 822 373 854 ac
409 805 554 853 Pauli
592 804 950 870 praepositus,
988 804 1050 852 ab
1087 803 1230 869 Rege
1270 805 1507 852 Ludovi-

134 903 194 934 co
231 889 414 933 missus
451 897 525 933 est
574 901 689 932 cum
729 883 956 949 Georgio
994 884 1134 949 Bosy
1182 887 1232 931 in
1269 882 1508 931 Transil-

131 968 377 1023 vaniam,
415 976 467 1012 ut
504 963 843 1030 persvaderet
882 964 1126 1011 Ioannem
1167 961 1231 1010 de
1271 962 1508 1029 Zapolya

131 1043 488 1102 Waivodam‚
527 1044 588 1092 ad
626 1041 1022 1092 accelerandum
1073 1045 1172 1091 iter
1209 1060 1325 1090 cum
1361 1061 1506 1091 exer-

132 1127 278 1183 citu,
328 1140 504 1171 versus
565 1123 720 1188 Regis
777 1134 956 1171 castra.
1005 1122 1061 1185 l)
1158 1124 1306 1170 Anno
1363 1138 1507 1185 1527.

93 1208 316 1254 <missus
367 1203 464 1250 fuit
512 1206 721 1249 nomine
770 1201 1000 1250 eiusdem
1049 1203 1253 1251 Ioannis
1296 1203 1506 1251 Olomu·

129 1286 297 1340 cium,
336 1294 389 1331 ut
428 1298 598 1330 coram
638 1282 840 1330 delecto
876 1298 902 1329 a
940 1282 1203 1349 partibus,
1242 1281 1305 1330 de
1344 1281 1505 1331 Coro-

131 1380 198 1412 na
237 1364 534 1427 Hungariae
570 1361 894 1426 litigantibus
924 1399 938 1420 ‚
985 1365 1128 1427 pacis
1180 1362 1369 1410 arbitro
1410 1362 1506 1411 Po-

128 1443 388 1491 loniarum
438 1441 582 1506 Rege
620 1441 975 1506 SigismundO,
1023 1445 1131 1490 eius
1168 1444 1306 1508 pacis
1344 1460 1505 1509 nego-

130 1525 260 1570 tium
296 1532 553 1569 tractaret.
591 1520 670 1582 m)
743 1521 852 1568 Hac
899 1523 1056 1587 igitur
1096 1520 1160 1569 de
1211 1539 1392 1581 causa,
1431 1533 1503 1582 et,

128 1599 270 1665 qvod
317 1603 635 1648 coronationi
685 1600 886 1648 Ioannis
937 1604 1288 1660 consentiens,
1343 1604 1504 1650 inter·

129 1681 288 1729 fuerit
340 1682 527 1737 etiam,
574 1679 635 1741 n)
694 1680 756 1728 ab
797 1679 981 1728 eodem
1016 1698 1076 1728 ex
1114 1681 1502 1746 Praepositum,

126 1759 400 1807 translatus
463 1769 538 1806 est
596 1775 729 1806 anno
800 1767 938 1819 1528-
999 1758 1064 1807 ad
1127 1760 1503 1828 Episcopatum

59 1844 62 1847 '
126 1834 587 1887 Transsilvaniae:
629 1841 715 1902 qvi
754 1837 938 1887 eodem
984 1855 1117 1888 anno
1165 1857 1260 1907 per
1298 1841 1503 1907 Regem

731 1918 783 1966 N
819 1936 845 1968 2
1309 1921 1434 1969 Fer-

235 2052 319 2092 An.
352 2062 471 2105 1775.
504 2048 692 2092 Gabriel
725 2049 890 2092 Gloser
922 2052 1027 2096 Can.
1063 2053 1220 2098 Coloe.
1264 2053 1380 2097 Tab.
1410 2053 1498 2094 Re-

236 2119 340 2173 giae
371 2118 630 2166 Praelatus,
700 2121 780 2163 An.
815 2131 933 2174 1730.
964 2122 1157 2163 Ioannes
1184 2122 1408 2178 Szegecfi,
1438 2124 1496 2165 de

233 2187 600 2244 Meza-szeged,
673 2190 803 2228 Anno
850 2193 968 2238 1806.
1014 2202 1079 2240 24.
1122 2193 1227 2244 Apr.
1274 2190 1496 2244 sepultus.

235 2255 318 2296 Cui
349 2256 567 2297 successit
596 2252 815 2307 Iosephus
837 2256 1147 2301 Fuchshoffer.
1208 2259 1259 2312 i)
1291 2257 1405 2316 Pag.
1427 2270 1496 2309 23.

235 2336 292 2363 ex
334 2323 430 2364 edit
485 2322 756 2374 colocensi,
803 2339 891 2378 qva
930 2336 1054 2367 utor.
1124 2326 1176 2380 k)
1204 2326 1365 2369 Oratio
1398 2330 1495 2370 eius

237 2391 360 2432 dicta
389 2392 446 2432 ad
476 2391 690 2434 Senatum
713 2423 726 2442 ,
765 2393 941 2450 legitur
985 2409 1056 2448 ap.
1100 2395 1223 2451 Pray
1254 2397 1407 2440 annal.
1439 2399 1493 2440 R.

235 2454 289 2504 H,
321 2469 449 2511 parte
491 2462 540 2504 V.
586 2474 676 2518 pag
732 2472 800 2515 58.
874 2461 924 2516 l)
969 2459 1190 2520 Istvzinffy
1221 2464 1345 2507 libro
1376 2466 1495 2512 VIII.

237 2526 348 2566 mihi
378 2541 482 2584 pag.
512 2542 600 2573 120.
662 2530 728 2584 m)
764 2530 918 2578 Wolff,
944 2531 1139 2573 Bethlen
1159 2563 1173 2583 ,
1204 2546 1295 2575 rer.
1326 2535 1494 2576 Trans-

238 2593 337 2634 silv.
368 2595 421 2638 T.
453 2595 486 2639 1.
518 2611 620 2653 pag.
667 2603 733 2648 86.
808 2602 861 2652 n)
891 2597 1115 2657 Istvanffy
1144 2602 1242 2647 Lib.
1274 2603 1355 2648 IX.
1387 2616 1492 2660 pag-

239 2674 330 2718 135·
688 2690 691 2691 ⁷
