1779 3128
1368 234 1464 281 135

85 362 245 400 tatem
281 352 332 397 in
371 345 719 396 celebratione
758 346 1040 408 festorum,
1093 354 1464 396 enumerantur

86 447 114 478 a
151 426 358 496 Synodo
393 427 504 475 dies
540 426 688 485 festi,
727 429 815 490 qvi
852 437 1022 475 aetate
1065 426 1153 474 illa
1191 424 1458 473 observari

86 509 360 559 debebant.
469 523 542 563 14.
598 505 817 564 Clerici,
866 522 925 555 ac
975 505 1262 572 Regulares
1325 513 1468 551 extra

81 589 462 637 Monasterium
509 586 798 643 excessivi,
844 602 938 651 per
975 584 1258 651 Episcopos
1288 620 1302 641 ,
1350 582 1462 630 vel-

84 678 138 715 ut
185 665 330 715 Sedis
378 665 713 733 Apostolicae
786 663 1052 730 delegatos
1081 701 1096 722 ,
1159 666 1461 729 puniantur.

79 746 392 795 Monialium
440 745 707 806 clausura,
745 755 795 792 et
833 744 1283 791 Sacramentorum
1322 759 1462 801 usus,

80 826 353 893 Episcopis
392 841 544 874 curae
585 827 665 873 sit.
739 824 840 882 Hi,
878 825 1145 887 ceteriqve
1188 821 1253 869 de
1293 820 1466 880 Clero,

85 909 304 970 qvaevis
357 905 423 954 ad
472 905 821 953 ministerium
887 903 1065 951 altaris
1129 902 1466 967 pertinentia,

85 985 266 1033 altaris
298 987 650 1050 pertinentia,
683 986 757 1031 uti
797 994 846 1031 et
875 982 1036 1030 libros
1057 1018 1072 1040 ,
1107 991 1224 1047 post
1260 979 1463 1028 obitum
1542 970 1546 974 ’

83 1064 342 1113 Ecclesiae
383 1081 504 1112 suae
539 1064 858 1127 relinqvant.
942 1060 1127 1127 Qvoad
1164 1071 1334 1108 cetera
1370 1077 1463 1107 ve-

83 1161 174 1202 ro,
229 1143 590 1210 dispositiones
629 1159 809 1191 eorum
847 1143 1303 1200 testamentariae,
1357 1142 1466 1188 iux-

85 1232 136 1273 ta
172 1221 609 1272 consvetudinem
647 1223 870 1271 cuiusvis
926 1219 1231 1279 Ecclesiae,
1275 1222 1328 1267 in
1379 1235 1469 1267 suo

84 1306 264 1368 vigore
302 1304 600 1368 persistant.

651 1431 701 1504 §„
769 1435 910 1484 Lm.

168 1555 307 1632 Cap.
348 1558 437 1615 II.
522 1559 618 1615 De
660 1557 795 1615 lton.
840 1569 904 1613 et
944 1557 1111 1615 stud.
1162 1555 1377 1616 Clerie.

223 1704 392 1772 Cap-ut
441 1706 663 1755 alterum
711 1702 906 1772 Synodi
944 1703 1215 1755 decernit:
1275 1719 1315 1753 1.
1354 1702 1472 1752 Cle*-

88 1787 179 1833 rici
215 1802 394 1834 omnes
431 1785 667 1834 habitum
691 1785 1031 1844 Ciericalem,
1070 1789 1205 1853 nigri
1243 1796 1330 1834 aut
1361 1788 1475 1832 vio-

88 1864 223 1912 lacei
261 1865 451 1913 coloris
486 1876 701 1931 gerant3
752 1865 914 1932 pallia
953 1877 1128 1914 tamen
1166 1868 1314 1932 nigra
1356 1882 1477 1913 sun-

88 1955 158 1994 to,
215 1944 472 1994 Divinum
491 1944 752 2007 officium,
785 1944 963 1994 demta
989 1945 1336 2011 aegritudine,
1360 1944 1473 1994 nul-

87 2023 141 2072 lo
175 2022 259 2072 die
297 2028 732 2090 praetermittant.
821 2026 1016 2075 Saltem
1051 2026 1381 2095 Dominicis,
1423 2035 1477 2073 et

88 2103 233 2151 festis
273 2103 485 2165 diebus,
527 2108 734 2171 expiata
769 2108 908 2171 prius
948 2108 1302 2165 conscientia,
1337 2106 1470 2152 Mis-

89 2199 200 2232 sam
240 2182 430 2233 dicant.
522 2200 566 2233 2.
612 2182 872 2234 Foeminis
914 2187 1163 2252 suspectis
1199 2200 1266 2260 ne
1320 2182 1473 2232 coha-

92 2261 280 2312 bitent.
350 2265 619 2328 Suspectae
671 2276 840 2312 autem
891 2268 1302 2330 nonhabentur,
1352 2283 1473 2327 pro-

93 2347 228 2390 ximo
275 2347 443 2408 gradu>
487 2349 943 2409 consanguinitatis
994 2350 1286 2393 coniunctae
1323 2381 1342 2403 ,
1396 2346 1477 2392 vel

97 2439 257 2479 anus,
307 2440 392 2469 seu
439 2427 633 2471 vetulae
667 2428 962 2487 decrepitae.
1050 2438 1098 2483 3.
1136 2424 1383 2490 Episcopi
1422 2435 1474 2472 et

94 2499 289 2550 Vicarii
354 2500 598 2551 adversus
654 2502 1053 2552 concubinarios
1103 2505 1246 2551 iuxta
1302 2503 1474 2569 legem

94 2577 463 2629 Tridentinam
500 2582 801 2649 procedant.
891 2581 1262 2632 Archidiaconi
1300 2594 1474 2631 autem

94 2661 148 2709 in
185 2662 481 2710 visitatione
518 2675 763 2714 moneant
816 2664 1104 2734 populum,
1152 2680 1255 2713 non
1292 2663 1474 2710 valere

1321 2743 1409 2791 Sa-
