1779 3128
643 182 829 210 ““-“-2
1333 183 1430 228 203

59 290 296 346 Praelato
325 293 595 360 significet.
668 291 1232 342 vice-Archidiaconus
1259 302 1435 338 autem

60 374 360 424 eorumdem
398 374 638 422 conficiat
676 378 984 439 registrum,
1027 372 1303 436 eidemqve
1340 387 1432 418 no-

56 466 166 503 tum
203 452 416 510 reddat,
473 470 537 501 ne
587 454 908 501 occultentur
947 436 1434 500 ultimae⁴volunta-

55 544 152 582 tes,
234 546 314 591 32.
366 533 459 596 Ne¹
485 549 669 581 causae
706 534 767 581 ad
808 533 974 580 forum
1014 532 1277 580 Ecclesiae
1315 547 1433 596 spe-

54 624 285 670 ctantes,
322 612 443 661 inde
483 612 874 670 abstrahantur,
913 629 1077 676 aeqve
1117 609 1430 668 decernitur,

34 695 202 741 “sicuti
250 696 299 741 in
348 691 557 758 Synodo
611 692 878 740 Nitriensi.
967 706 1049 750 33.
1103 690 1323 745 Clerici,
1376 699 1434 737 ut

52 774 376 837 superiorum
429 770 712 837 impediant
760 770 1205 827 iurisdictionem,
1258 786 1431 816 recur-

51 863 223 900 rentes
262 850 326 901 ad
376 862 688 917 potestatem
739 851 961 907 saeculi,
998 867 1091 915 pro
1132 864 1431 895 excommu-

50 933 233 979 nicatis
269 931 595 978 declarantur
615 967 630 989 ‚
668 932 807 978 iuxta
837 928 1061 994 speciale
1089 927 1306 975 Berisloi
1331 937 1431 974 sta-

49 1019 236 1058 tutum.
325 1024 406 1068 34.
459 1009 648 1058 Contra
693 1009 1075 1074 Religiosorum
1125 1005 1429 1054 mendican-

49 1091 178 1136 tium
212 1088 400 1137 abusus
437 1090 653 1155 perinde
691 1105 861 1135 sermo
900 1099 1007 1146 est,
1060 1086 1205 1135 velut
1243 1088 1296 1132 in
1334 1085 1430 1151 Sy-

48 1168 183 1216 nodo
235 1167 500 1216 Nitriensi.
581 1182 663 1227 35.
705 1167 773 1215 Ut
813 1166 971 1214 iidem
1004 1177 1276 1230 qvartam‚
1333 1165 1430 1213 Pa-

0 1290 1 1294 ,
49 1234 216 1296 rochis
254 1249 364 1295 iure
404 1245 701 1306 decretam,
741 1246 1060 1312 persolvant.
1143 1260 1224 1304 34.
1262 1246 1428 1294 Inter-

47 1326 184 1374 dicta
221 1325 519 1373 observent.
592 1326 675 1384 36.
714 1324 1017 1373 Sacerdotes
1049 1324 1429 1377 Eucharistiam

47 1408 98 1454 in
135 1421 294 1471 parva
318 1399 562 1472 'circulari
601 1405 768 1452 forma
805 1407 1091 1470 porrigant.
1181 1392 1283 1464 37.⁴
1308 1406 1428 1452 Mo-

49 1495 204 1532 neant
241 1484 528 1549 populum,
575 1496 629 1543 ut
665 1485 749 1532 die
789 1484 1203 1532 ResurrectIOnis
1244 1484 1426 1532 Domi·

49 1566 228 1620 nicae,
279 1563 494 1626 qvilibet
541 1566 605 1612 sit
652 1564 952 1623 confessus,
1003 1574 1053 1611 et
1101 1561 1426 1613 Eucharistia

8 1700 12 1704 ῃ
47 1641 293 1690 refectus.
369 1641 590 1691 Additus
630 1654 704 1691 est
737 1646 898 1701 ritus,
935 1660 1050 1691 cum
1082 1660 1187 1707 qvo
1222 1655 1297 1690 est
1322 1642 1425 1690 Eu-

48 1719 291 1769 charistia
339 1720 668 1787 porrigenda.
763 1730 843 1780 38.
901 1722 1053 1771 Plebs
1107 1720 1423 1782 inducenda,

47 1811 102 1847 ut
151 1816 245 1865 pro
294 1801 688 1848 confirmatione
740 1813 1005 1867 properet.
1093 1815 1172 1862 39.
1224 1801 1423 1860 Altam,

47 1877 287 1945 debitum
305 1879 493 1928 habeat
520 1879 847 1946 adparatum.
904 1894 985 1935 40.
1023 1880 1247 1929 Vascula
1274 1897 1423 1947 prae-

47 1968 124 2005 sto
162 1961 260 2006 sint
298 1976 359 2006 ex
395 1970 577 2007 stanno
615 1976 709 2025 pro
751 1960 878 2007 oleis
914 1964 1142 2009 sacratis.
1218 1977 1298 2017 41.
1337 1960 1425 2006 Li-

46 2035 139 2085 ber
173 2049 444 2104 praeterea
491 2033 830 2105 baptismali&
914 2056 992 2095 4²·
1032 2040 1110 2087 Ne
1147 2039 1423 2088 differatur

45 2120 367 2183 procuratio,
405 2129 521 2184 post
559 2119 742 2166 feriam
782 2122 1017 2183 qvintam
1062 2117 1419 2167 hebdomadae

44 2198 283 2255 maioris,
330 2198 431 2249 olei
478 2200 781 2250 consecrati.
865 2213 945 2257 43.
995 2198 1328 2247 Publicentur
1387 2215 1417 2246 a

45 2273 284 2323 Plebanis
330 2276 690 2344 Indulgentiae
744 2278 1040 2344 plenariae,
1095 2277 1177 2326 die
1225 2279 1419 2327 Ascen-

47 2355 202 2400 sionis
236 2355 474 2414 Domini,
513 2368 562 2404 et
598 2358 796 2405 duobus
835 2358 1201 2421 seqventibUS‚
1235 2358 1419 2408 Eccle-

45 2434 150 2478 siae
188 2431 483 2483 Cathedrali
535 2437 905 2503 Vesprimiensi
954 2430 1248 2485 concessae.
1335 2453 1417 2494 44ἱ

44 2510 613 2573 Enumerantur,casus
664 2535 757 2583 per
796 2515 1109 2564 Generalem
1147 2516 1413 2567 vicar-ium

47 2594 330 2654 reservati,
367 2605 518 2663 puta:
544 2596 897 2650 Homicidium
918 2632 934 2661 ,
959 2599 1279 2666 periurium,
1319 2593 1408 2643 dee

1246 2688 1346 2730 trae
