1779 3128
354 135 447 185 206
948 139 1132 172 ·--·-.-.-=··..
1184 164 1188 174 .

359 259 426 308 da
464 254 725 313 Octobris,
761 252 919 306 veluti
955 254 1275 322 Praepositus
1304 256 1468 306 Albae
1507 257 1732 322 Regiae,

357 338 658 400 designatus
696 333 847 382 fuerit
884 333 1040 399 Regis
1077 334 1387 384 Ferdinandi
1417 336 1726 384 Commissa-

352 421 492 473 rius,
547 412 615 461 ad
661 411 1007 480 recipiendum
1053 431 1082 462 a
1135 415 1726 480 Qvinqve·Ecclesiensi

355 496 580 544 Civitate
612 531 626 552 ,
686 493 944 542 fidelitatis
1015 496 1368 542 iuramentum.
1421 496 1478 556 z)
1581 496 1748 560 Qvaev

351 586 625 642 postqvam
659 590 749 641 per
785 570 981 621 Turcas
1019 583 1261 638 occupata
1298 584 1370 620 est
1409 572 1490 621 die
1529 588 1606 632 23.
1643 574 1724 624 Iu·

351 656 456 712 nii,
495 670 631 701 anno
677 666 816 711 1543.
851 669 964 700 cum
1015 654 1211 715 integra
1262 651 1422 700 ferme
1462 653 1723 701 Dioecesi:

351 736 529 797 qvovis
581 742 833 799 proventu
882 731 1160 798 spoliatus,
1214 729 1279 778 ad
1335 731 1623 797 Scepusium
1673 748 1728 781 se

349 812 606 869 contulit,
643 811 806 859 factus
846 810 916 857 ibi
965 825 1098 858 anno
1137 820 1376 873 seqvente
1413 814 1461 858 in
1498 810 1725 859 Ecclesia

354 891 643 955 Collegiata
681 888 746 936 ad
771 889 826 936 S.
866 890 1150 936 M'artinum
1180 890 1397 948 Lector,
1435 889 1491 952 a)
1527 901 1576 939 et
1609 900 1726 957 post

353 972 657 1031 triennium,
693 968 1012 1038 Praepositus
1049 966 1291 1017 eiusdem.
1330 968 1388 1031 b)

831 1135 881 1206 §.
952 1139 1246 1190 LXXXIV.

783 1299 939 1357 Eius
980 1299 1288 1378 reliquiae.
1366 1377 1369 1380 Α

489 1484 685 1537 Eodem
721 1503 883 1545 anno,
922 1485 1001 1535 die
1039 1487 1316 1536 Dominico
1352 1477 1720 1551 Rogationum‚

348 1566 617 1617 'indicebat
664 1566 924 1632 Synodum
983 1565 1133 1614 Clero
1183 1567 1540 1632 Scepusiensi‚
1589 1564 1720 1613 cele-

349 1645 603 1698 brandam
653 1647 701 1692 in
754 1645 977 1693 Ecclesia
1015 1644 1325 1709 Collegiata:
1378 1643 1505 1692 Usus
1544 1641 1720 1709 adpel-

349 1725 547 1775 latione
595 1724 837 1792 Episcopi
897 1722 955 1789 Q.
1004 1722 1374 1782 Ecclesiensis,
1441 1723 1729 1788 Praepositi
1778 1719 1779 1725 ’

351 1805 728 1872 Scepusiensis‚
765 1815 815 1853 et
853 1803 1145 1851 Consiliarii
1183 1803 1375 1867 Regiae
1411 1801 1719 1849 Maiestatis.

351 1882 499 1932 Nihil
535 1894 759 1932 attamen
797 1901 858 1931 ex
892 1883 1034 1931 Actis
1075 1884 1178 1930 eius
1204 1880 1395 1945 Synodi
1433 1890 1607 1928 notum
1644 1889 1720 1927 est

346 1962 537 2019 hodie,
571 1973 775 2029 praeter
801 1962 971 2009 literas
1002 1962 1422 2016 convocatoriam,
1456 1957 1719 2006 ordinem-

352 2060 453 2107 qve
492 2042 668 2092 Divini
708 2040 902 2099 officii,
938 2038 1151 2088 durante
1189 2037 1427 2103 Synodo,
1483 2054 1511 2084 a
1540 2038 1719 2104 primis

350 2123 576 2188 vesperis
603 2117 872 2178 sabbathi,
907 2109 1026 2186 post'
1045 2128 1277 2168 octavam
1304 2115 1541 2183 Corporis
1572 2114 1718 2162 Chri·-

349 2201 450 2260 tsi,
485 2216 578 2266 per
614 2198 921 2263 subseqvens
959 2196 1182 2246 triduum
1218 2197 1269 2243 in
1314 2194 1469 2243 choro
1496 2230 1510 2253 ‚
1563 2203 1611 2241 et
1652 2191 1719 2241 ad.

1505 2273 1652 2321 Alta-

413 2450 460 2505 z)
490 2448 680 2504 Legitur
725 2449 963 2489 decretum
1005 2444 1115 2488 ibid.
1157 2458 1259 2501 pag.
1292 2446 1383 2494 264.
1457 2441 1504 2496 a)
1544 2441 1610 2483 Ex
1641 2441 1722 2482 do·

468 2529 587 2560 cum.
628 2516 742 2560 ibid.
784 2530 885 2570 pag.
926 2529 1019 2569 30¹·
1091 2513 1144 2566 b)
1188 2516 1253 2555 Ex
1287 2511 1573 2553 documentis
1606 2510 1719 2551 ibid.
1778 2529 1779 2557 ξ

469 2597 576 2640 pag.
606 2596 701 2636 301.
737 2594 782 2624 et
809 2597 904 2638 303.
963 2582 1089 2624 Adde
1120 2582 1339 2638 Wagneri
1370 2579 1588 2622 Analecta
1617 2577 1720 2618 See·
1778 2601 1779 2604 =

472 2653 587 2707 pusii
618 2661 747 2707 parte
779 2653 952 2702 tertia,
981 2664 1084 2709 pag.
1117 2660 1182 2702 84.
