1779 3128
277 232 343 300 3¹6
878 240 1063 273 ===³

279 354 555 404 nicationis
605 369 776 420 poena
803 391 818 414 ,
875 356 987 423 ipso
1026 359 1137 404 iure
1174 351 1499 404 incurrentia.
1576 360 1652 408 18.

282 433 530 491 Parochi,
577 434 665 482 vel
702 435 891 483 Vicarii
941 435 1006 483 ad
1042 435 1308 501 Synodum
1358 452 1453 501 pro
1489 433 1654 500 pluri·
1715 440 1717 446 '

281 513 375 561 bus
406 511 589 561 diebus
623 515 942 580 profecturi,
977 517 1151 581 prius,
1192 516 1391 562 etiamsi
1431 530 1535 561 non
1572 528 1654 560 re-

283 594 496 655 quisiti,
544 610 723 659 aegros
776 597 829 642 in
884 593 1133 643 Parochia
1192 610 1280 642 sua
1329 596 1654 659 perqvirant.

290 686 367 732 19.
405 670 717 737 Qvicunqve
736 673 1104 732 Ecclesiastici,
1123 683 1173 721 et
1197 673 1445 738 Religiosi
1473 670 1538 719 ad
1561 671 1656 738 Sy-

285 749 482 799 nodum
516 755 718 810 vocati,
756 768 1056 819 comparere
1091 751 1314 811 debent3
1352 750 1403 798 id
1432 753 1472 798 si
1502 750 1652 799 abiis

283 830 395 878 fieri
424 841 676 894 neqveat,
714 830 972 879 Clericum
995 832 1147 898 pleno
1176 834 1481 879 instructum
1510 845 1654 876 man-

284 908 444 967 dato,
483 911 562 956 sui
598 909 712 957 loco
747 913 968 960 mittant.
1051 909 1270 958 Causam
1307 927 1432 958 vero
1472 910 1656 957 absen-

282 990 420 1045 tiae,
458 986 837 1038 Archidiacono
875 1006 965 1037 suo
1003 988 1349 1054 depromant,
1387 1005 1483 1054 per
1517 987 1654 1035 hunc

283 1066 523 1114 Praelato
566 1066 984 1131 significandam.
1055 1067 1357 1115 Praesentes
1390 1078 1562 1116 autem
1600 1069 1655 1115 in

284 1143 526 1209 Synodo,
580 1144 811 1192 vestibus
846 1148 1058 1212 proprio
1097 1149 1252 1194 statui
1289 1151 1559 1213 congruis,
1596 1163 1656 1194 u-

284 1234 473 1271 tantur.
512 1223 572 1288 g)
647 1239 723 1271 20.
765 1223 952 1273 Clerici
989 1241 1166 1273 omnes
1210 1228 1261 1272 in
1305 1242 1427 1274 cura
1463 1227 1656 1273 anima-

282 1318 398 1349 rum
441 1302 736 1362 constituti,
775 1302 911 1352 infra
946 1320 1170 1363 annum,
1222 1304 1312 1353 sub
1349 1318 1526 1370 poena.
1555 1305 1655 1352 Be-

283 1381 460 1429 neficii
492 1383 604 1447 ipso
649 1380 787 1429 facto
823 1381 1127 1441 amittendi,
1174 1382 1467 1431 sacerdotes
1517 1383 1655 1431 ordi-

284 1470 492 1507 nentur.
581 1475 658 1507 21.
708 1460 848 1508 Sacri
894 1461 1123 1525 liqvores
1167 1479 1283 1510 cum
1313 1461 1656 1520 Eucharistia,

284 1538 377 1586 sub
416 1537 551 1586 clavi
586 1537 891 1588 habeantur.
963 1557 1052 1589 22.
1090 1542 1446 1589 Ministerium
1481 1540 1545 1588 ad
1582 1539 1656 1587 al-

283 1627 426 1677 tare,
477 1633 702 1683 congrua
751 1635 869 1668 cum
915 1630 1061 1668 veste
1097 1630 1392 1686 peragatur.
1479 1619 1655 1667 Sacer-

286 1695 433 1744 dotes
488 1713 696 1760 qvoqve
742 1695 984 1746 diurnum
1033 1698 1311 1759 officium-,
1364 1700 1556 1764 pariter
1606 1709 1658 1747 et

283 1787 593 1825 nocturnum
613 1813 628 1835 ,
665 1777 905 1826 distincte
935 1788 985 1829 et
1009 1789 1188 1852 aperte
1208 1815 1223 1837 ,
1265 1789 1515 1842 qvantum
1546 1777 1656 1825 De-

285 1872 344 1903 us
399 1853 604 1904 dederit
634 1892 650 1915 ,
697 1856 1001 1916 celebrent,
1052 1868 1103 1905 et
1149 1855 1357 1906 devote.
1450 1870 1527 1915 23.
1576 1855 1656 1903 Ne
1724 1864 1730 1868 ’

289 1936 404 1999 qvis
457 1934 664 1993 laicus,
730 1938 1082 2000 cuiuscunqve
1139 1937 1296 1985 fuerit
1349 1937 1659 1992 autoritatis,
1727 1927 1730 1930 ¹

289 2016 593 2079 qvempiam
631 2013 696 2062 ad
725 2013 1049 2063 Beneficium
1075 2013 1340 2063 intrudere
1376 2024 1656 2080 prasumat,

284 2092 429 2141 salvo
465 2094 576 2141 iure
612 2105 912 2159 patronatus
948 2095 1201 2160 legitimi,
1242 2104 1395 2159 prout
1432 2092 1658 2140 Canoni-

285 2187 344 2219 ca
378 2174 490 2219 iura
526 2170 811 2222 declarant.
885 2189 963 2231 24.
1001 2173 1079 2221 Ne
1115 2188 1368 2238 personae
1401 2171 1658 2219 Ecclesia-

284 2251 444 2297 sticae
479 2262 667 2316 agant,
704 2251 1084 2319 respondeant,
1137 2250 1240 2298 fide
1291 2251 1533 2308 iubeant,
1571 2247 1658 2296 vel

287 2340 451 2376 semet
491 2329 724 2395 obligent
760 2348 932 2379 coram
985 2330 1155 2378 iudice
1203 2329 1451 2376 saeculari
1489 2330 1539 2374 in
1577 2344 1659 2374 re-

286 2406 414 2464 bus,
458 2424 589 2477 qvae
627 2408 692 2456 ad
728 2409 900 2457 forum
936 2410 1082 2458 huius
1117 2424 1218 2455 non
1255 2418 1506 2473 spectant.
1579 2421 1658 2466 25.

291 2483 477 2550 Neqve
515 2487 579 2535 de
613 2488 973 2552 personalibus
1006 2489 1235 2544 iniuriis,
1272 2486 1359 2534 vel
1394 2486 1658 2534 Ecclesiae

1438 2581 1591 2631 prae-

347 2666 398 2724 g)
429 2668 728 2711 Describitur
767 2671 955 2713 vestitus
995 2671 1077 2712 ille
1100 2700 1113 2720 ,
1153 2671 1197 2712 in
1232 2668 1576 2714 Caeremoniali
1605 2666 1659 2709 E-

402 2749 701 2795 plscoporum
730 2737 854 2780 libro
885 2742 919 2783 I.
955 2753 1053 2793 cap.
1083 2751 1150 2792 31.
