1779 3128
309 188 410 236 304
909 183 1095 215 ἒ

839 290 890 363 5.
963 294 1206 347 CXXIX.

407 450 556 526 Syn.
613 443 871 506 Valaclz.
917 464 1017 502 an.
1062 444 1608 510 MDCCXXXIV.

454 624 658 674 Rursus,
701 620 1031 672 referendam
1081 619 1246 671 habeo
1296 623 1562 690 Synodum
1599 628 1702 678 Va-

318 703 612 763 lachicmn,
662 719 796 767 qvae
850 718 880 749 a
934 702 1127 749 Ioanne
1179 702 1480 753 Innocentio
1536 707 1598 755 L.
1637 708 1698 759 Β.

320 786 476 836 Klein
515 783 578 832 de
616 780 882 841 Szad‚·ex
920 780 1128 828 alumno
1160 781 1422 831 Seminarii
1458 784 1505 834 S.
1545 785 1708 835 Adat-

315 865 454 915 berti
485 861 771 911 Tit-naviae
808 858 1026 908 fundato
1046 896 1061 918 ‚
1100 858 1166 908 ad
1189 861 1557 930 Episcop'atum
1581 882 1701 931 pro-

313 955 460 994 moto
512 959 647 990 anno
705 954 848 1002 1729.
902 938 957 1001 i)
1011 951 1293 989 convocata
1343 941 1512 991 fuerat
1569 959 1702 992 anno

314 1024 531 1073 Domini
575 1033 716 1082 1734.
789 1019 955 1067 Huius
993 1022 1263 1068 enimvero
1303 1018 1406 1070 duo
1444 1038 1696 1084 canones,

315 1121 347 1153 a
383 1111 673 1151 memorato
711 1098 900 1167 pluries
925 1098 1164 1148 Samuele
1189 1099 1344 1150 Klein
1366 1138 1382 1162 ‚
1420 1100 1486 1149 ad
1522 1102 1699 1153 meam

317 1185 560 1233 notitiam
595 1189 965 1247 pervenerunt.
1052 1178 1212 1240 Puta,
1251 1178 1428 1229 Canon
1465 1193 1699 1246 octaVUS,

317 1266 392 1312 ita
428 1263 744 1311 decernens:
797 1262 904 1327 ,Qvi
941 1271 1093 1308 antea
1133 1272 1542 1327 praetergressus
1589 1275 1692 1312 ter-

317 1349 504 1394 minum
543 1343 814 1390 §acrarum
857 1343 1264 1401 ordinationum,
1310 1327 1553 1391 secundas
1604 1362 1694 1391 nu-

311 1429 452 1489 ptias
486 1427 631 1470 inivit
653 1458 668 1479 ‚
705 1423 768 1468 ab
803 1424 941 1468 omni
971 1423 1409 1479 administratione
1437 1438 1698 1469 sacrorum

321 1505 762 1552 Sacramentorum
810 1511 1080 1559 arceatur,
1131 1501 1292 1546 solum
1346 1511 1563 1563 tempore
1612 1522 1695 1550 ne·

318 1586 603 1640 cessimus,
640 1584 755 1628 dum
791 1584 921 1627 alter
958 1580 1204 1626 Sacerdos
1249 1597 1344 1626 non
1386 1591 1462 1627 est
1511 1585 1692 1644 reperi-

317 1666 467 1720 hilis,
515 1665 563 1708 ei
604 1663 893 1725 indulgetur
943 1661 1199 1719 baptisare
1222 1693 1238 1717 ‚
1288 1664 1530 1721 sepelire,
1583 1679 1696 1709 con-

302 1746 581 1807 fession-em
616 1743 821 1798 audire,
859 1749 908 1785 et
942 1741 1180 1785 viaticum
1211 1742 1488 1806 praebere:
1538 1744 1611 1788 ad
1642 1759 1695 1788 a·

317 1826 415 1870 lias
444 1832 609 1868 autem
648 1822 944 1883 functiones
971 1851 987 1876 ‚
1039 1822 1242 1865 etiamsi
1292 1823 1561 1866 necessitas
1598 1824 1689 1878 sit,

318 1906 454 1953 nullo
490 1905 636 1949 modo
696 1903 1003 1964 admittitur.
1101 1895 1278 1945 Canon
1316 1900 1439 1963 item
1478 1896 1695 1946 undeci-

315 1999 466 2041 mUS‚
508 1983 591 2045 qvi
627 1978 887 2027 declarat:
940 1977 1106 2026 Solius
1142 1981 1383 2040 Episcopi
1422 1995 1559 2035 esse,
1612 1982 1690 2025 iu-

317 2068 488 2111 dicare
536 2063 858 2108 matrimonia
877 2092 892 2114 ‚
943 2070 991 2105 et
1042 2062 1163 2105 dare
1211 2060 1606 2119 dispensationes
1637 2060 1688 2105 in

317 2144 677 2206 impedimentis
710 2141 1034 2186 matrimonii.
1071 2135 1133 2199 k)

1303 2439 1352 2510 ς.
1394 2441 1612 2492 CXXX.

366 2582 416 2640 i)
447 2582 560 2624 Vide
593 2583 646 2623 P.
679 2582 785 2623 Illia
818 2581 896 2623 cit.
929 2593 1003 2633 op.
1037 2591 1140 2634 pag.
1175 2590 1240 2627 15.
1272 2585 1318 2616 et
1346 2575 1481 2618 Klein
1510 2574 1590 2616 cit.
1610 2585 1685 2625 op.

424 2665 527 2707 pag.
556 2662 654 2702 ‘141-
731 2648 778 2703 lt)
822 2649 972 2691 Citato
1017 2646 1221 2700 superius-
1263 2658 1337 2699 op.
1377 2658 1481 2700 pag.
1517 2653 1609 2694 141.
1640 2647 1688 2682 et

422 2732 514 2773 ¹.'5⁰‘
