1779 3128
300 257 393 304 134
887 252 1070 286 ΕΞ-..ΞΞ

293 368 565 423 tinentiae,
616 375 699 425 et,
753 385 870 431 qvae
908 385 996 414 nos
1044 379 1300 431 tantopere
1346 375 1655 420 commendat
1691 362 1746 420 u‘tt

290 447 439 503 Deo,
480 449 780 492 humilitatis
816 451 1037 509 exempla
1065 459 1233 510 petere
1273 455 1484 511 possint.
1569 450 1653 498 In·

288 520 560 571 teldicitur
596 534 766 571 autem
801 523 932 583 illis,
971 546 1027 573 ne
1061 546 1123 573 ex
1162 532 1439 576 relcle'ccbns
1477 533 1653 578 Eccle-

287 607 1274 672 Sla900725c‘1ngvln8089sanllllaf'esqvt‘?
1308 625 1426 654 SUOS
1472 628 1654 673 augere

283 685 537 730 studeant.
606 681 770 730 Iidem
819 681 1050 747 legitime
1098 699 1198 731 non
1237 683 1506 749 impediti,
1550 686 1653 733 fre·

286 769 507 824 qventer
546 759 755 808 Sacrum
793 760 1089 818 celebrent,
1139 772 1189 810 et
1223 779 1326 810 saci
1326 765 1379 810 is
1418 766 1654 812 intersint

283 839 619 888 sermonibus.
708 839 907 907 Diebus
955 856 1080 887 vero
1128 841 1271 889 festis
1302 878 1318 899 ,
1370 853 1474 889 tam
1531 845 1652 909 ipsi,

279 934 442 982 „qvam
479 917 760 979 canonici,
797 935 893 986 pro
928 933 1014 976 se,
1055 934 1112 965 ac
1149 919 1378 985 populo,
1426 920 1540 969 Deo
1573 921 1653 969 of-

283 995 456 1045 ferant
503 999 829 1046 sacrfficium.
930 998 1095 1045 Horas
1144 997 1431 1046 Canonicas
1471 1003 1653 1063 qvoti-

286 1073 408 1133 die‚
454 1076 546 1124 sub
583 1078 733 1142 gravi
766 1087 1017 1142 peccam,
1066 1092 1126 1124 ac
1170 1092 1341 1143 poena
1375 1080 1651 1126 restituen-

284 1152 468 1201 dorum
509 1154 801 1214 fructuum,
840 1155 1073 1220 qvotidie
1110 1154 1331 1215 devote,
1370 1167 1420 1205 et
1456 1167 1652 1205 attente

282 1235 539 1294 recitent3
576 1251 750 1281 rerum
788 1246 1059 1300 praeterea
1097 1235 1444 1295 Divinarum,
1482 1236 1648 1284 medi-

282 1312 564 1359 tationibus
612 1315 815 1362 intenti.
897 1328 942 1375 9.
989 1313 1261 1365 Familiam
1307 1314 1522 1380 probam
1559 1314 1650 1362 ha-

280 1389 435 1439 beant
471 1391 747 1458 Episcopi,
785 1392 969 1456 qvibus
991 1429 1005 1451 ‚
1044 1409 1138 1472 per
1173 1409 1225 1440 se
1257 1391 1523 1441 destinatis
1562 1409 1651 1440 an-

282 1473 337 1518 ni
374 1470 556 1519 diebus
582 1506 598 1528 ,
650 1473 747 1537 ipsi
797 1474 1068 1538 porrigant
1116 1469 1526 1520 Eucharisticum
1557 1488 1650 1537 pa·

280 1565 418 1597 nem.
481 1547 751 1597 10.Iide1fl
776 1553 1149 1618 superstitiosas
1175 1553 1386 1598 curatio
1378 1567 1484 1608 neS‚
1513 1549 1649 1599 blas·

279 1628 532 1695 phanias,
558 1628 850 1688 ebrietates,
882 1632 1136 1676 usurarios
1171 1639 1459 1677 contractus
1481 1665 1496 1687 ‚
1533 1645 1650 1695 gra·

278 1710 488 1756 vissime
526 1726 616 1773 pro
647 1711 892 1755 cwcione
935 1710 1283 1768 insectentur,
1321 1724 1412 1766 ac,
1450 1710 1491 1755 si
1519 1724 1647 1773 opus

274 1790 357 1843 sit,
388 1789 564 1852 penis
590 1785 977 1843 Ecclesiasticis,
1012 1799 1062 1834 et
1102 1787 1476 1852 temporalibus
1514 1785 1643 1833 deli-

274 1878 490 1929 qventes
516 1866 762 1931 plectant.
824 1880 896 1913 11.
932 1864 1095 1913 Iidem
1117 1868 1166 1913 in
1193 1866 1522 1930 reparatione
1550 1864 1646 1912 Ec-

278 1945 549 1991 clesiarum
604 1938 948 1991 saecularibus
996 1948 1120 1991 viris
1157 1942 1531 2010 praeluceant,
1588 1959 1648 1992 ac

276 2021 506 2071 subditos
546 2022 612 2071 ad
642 2027 1068 2071 restaurationem
1098 2033 1311 2087 cogant,
1352 2025 1561 2087 ipsimet
1591 2039 1649 2070 o-

274 2119 395 2169 pem
421 2092 673 2150 collaturi.
751 2118 823 2150 12.
864 2101 1141 2167 Rogandus
1183 2101 1438 2160 Pontifex,
1474 2112 1529 2149 ut
1566 2100 1648 2148 la-

227 2206 229 2209 <
277 2184 630 2239 cticiniorum,
669 2197 991 2245 ovorumqve
1028 2198 1208 2238 usum,
1248 2178 1424 2229 diebus
1460 2181 1648 2228 Ieiunii

271 2261 469 2308 licitum
506 2277 615 2307 esse
652 2260 846 2307 iubeat.
895 2259 955 2321 h)
1042 2258 1291 2316 Parocffi,
1334 2270 1383 2306 et
1422 2257 1648 2306 Concio-

272 2351 510 2397 natores,
548 2339 826 2404 explanent
862 2338 1001 2402 leges
1039 2339 1246 2394 ieiunii,
1284 2336 1480 2402 hasqve
1518 2339 1649 2403 ipsi-

270 2429 377 2469 met
414 2418 709 2467 observent.
787 2430 860 2478 13.
896 2415 980 2465 Ad
1016 2415 1330 2465 servandam
1372 2416 1644 2465 uniformi-

1414 2506 1575 2544 tatem

329 2613 381 2670 h)
412 2616 567 2657 Petito
613 2616 817 2658 delatum
854 2613 992 2658 fuisse
1019 2643 1033 2663 ,
1072 2624 1204 2667 potes
1246 2614 1432 2656 discere
1470 2628 1524 2655 ex
1570 2614 1646 2661 iis,

386 2698 499 2738 qvae
540 2699 566 2726 a
595 2698 667 2725 me
709 2683 891 2737 prolata
931 2692 1033 2724 sunt
1072 2685 1118 2724 in
1159 2684 1262 2725 Iure
1301 2683 1481 2740 privato
1514 2681 1640 2724 Eccl.

382 2753 532 2809 Hung.
567 2751 606 2810 §-
637 2756 734 2806 526.
