1779 3128
297 228 364 270 42
839 210 1079 247 ran—...-

297 334 505 386 Iudices
542 331 760 392 saeculi,
797 336 1115 401 compellant
1162 335 1374 402 obseqvi
1411 335 1668 388 iudicibus

297 415 676 464 Ecclesiasticis
713 412 988 462 adversum
1022 414 1113 463 hos
1149 419 1476 481 pervicaces:
1513 419 1666 482 idqve

298 496 530 542 vicissim
565 503 720 559 agant
753 493 1105 542 Ecclesiastici
1143 494 1358 548 iudices.
1442 512 1524 558 59.
1576 497 1666 544 Li-

295 573 425 623 bera
472 576 536 622 sit
582 589 853 621 causarum
900 572 966 621 ad
1014 573 1183 622 forum
1232 575 1496 624 Ecclesiae
1549 593 1666 641 spe·

295 654 577 711 etantium,
611 668 772 719 penes
808 652 1200 702 Ecclesiasticos
1248 652 1445 702 iudices
1482 664 1669 702 tracta·

294 733 401 790 tio,
436 742 490 780 et
528 730 593 780 ad
627 727 752 791 1103,
790 730 1190 796 Romanumqve
1232 732 1538 781 Pontificem
1574 731 1666 781 ad·

293 810 528 878 pellatio.
611 811 690 860 60.
740 811 1039 871 Ecclesiae,
1089 828 1148 860 ac
1197 827 1453 878 personae
1489 811 1667 860 Eccle-

294 892 531 938 siasticae
568 926 583 949 ,
633 907 661 938 a
713 889 1024 955 qvibuslibet
1079 891 1423 938 exactionibus
1469 891 1699 940 liberae'

291 976 465 1020 sunto.
538 970 620 1017 61.
663 970 765 1035 Qvi
802 968 892 1018 has
929 969 1104 1017 facere
1142 967 1516 1029 adtentaverit,
1569 973 1666 1019 nisi

293 1060 479 1097 cuncta
514 1050 647 1096 intra
673 1048 902 1096 triduum
938 1046 1156 1108 reddat,
1195 1048 1259 1096 ab
1301 1051 1533 1114 ingressu
1571 1049 1666 1098 Ec·

291 1127 500 1185 clesiae,
535 1128 1088 1192 Sacramentorumqve
1115 1130 1473 1194 perceptione,
1502 1145 1666 1192 usqve

291 1205 362 1255 ad
410 1206 813 1255 satisfactionem
857 1206 1146 1273 prohibitus
1201 1217 1328 1255 esto·
1416 1207 1495 1255 62.
1531 1207 1667 1255 Cun-

291 1288 363 1335 cti
400 1286 720 1353 Regulares,
768 1288 980 1352 proprio
1028 1287 1183 1334 statui
1219 1285 1542 1334 conformem
1576 1286 1666 1334 ha-

290 1365 450 1416 beant
490 1367 771 1427 vestitum23
822 1376 977 1430 atqve
1027 1364 1162 1413 hunc
1198 1380 1294 1413 nec
1339 1364 1696 1432 longitudine-

291 1443 643 1493 deformatum
671 1481 686 1504 ,
741 1461 838 1492 nec
887 1444 1193 1506 brevitate3
1258 1454 1464 1492 servata
1512 1444 1665 1492 nihil-

292 1527 526 1583 ominus,
574 1523 1039 1583 interMonachos,
1093 1523 1416 1583 CanonicOS,
1455 1535 1505 1572 et
1542 1540 1666 1575 con-

290 1620 506 1662 versos,
545 1601 874 1652 discretione.
947 1603 1027 1661 63.
1067 1601 1311 1651 Canonici
1360 1603 1665 1669 Regulares,

291 1683 487 1747 absqve
524 1682 927 1749 superpellice03
966 1682 1217 1730 Monachi
1242 1699 1400 1739 vero,
1439 1685 1547 1730 sine
1579 1700 1664 1731 cu·

291 1761 442 1809 cullis
473 1798 488 1820 ,
541 1772 592 1810 et
641 1762 996 1827 scapularibus
1025 1799 1041 1820 ,
1094 1779 1195 1811 non
1233 1761 1494 1812 incedant.
1583 1763 1663 1818 64.

292 1841 486 1889 Omnes
536 1840 820 1900 Monachi,
876 1857 905 1889 a
951 1842 1035 1890 die
1086 1835 1391 1891 Sanctoruin
1443 1853 1665 1907 qvatuor

293 1930 693 1978 coronatorum,
742 1919 803 1984 n)
853 1938 1016 1984 usqve
1067 1920 1132 1970 ad
1182 1920 1321 1970 diem
1366 1920 1664 1971 Nativitatis

291 1999 629 2060 Dominicae3
674 2001 801 2048 item
850 2015 879 2047 a
914 2001 1338 2066 Septuagesima,
1384 2016 1549 2064 usqve
1598 1998 1664 2048 ad

291 2077 520 2137 Pascha,
561 2079 796 2128 carnibus
818 2115 833 2138 ,
871 2090 922 2127 et
957 2079 1258 2128 animalium
1290 2082 1537 2147 sangvine
1563 2095 1663 2129 non

291 2171 583 2211 vescantur.
664 2157 850 2223 Neqve
901 2159 1081 2209 diebus
1117 2158 1256 2223 illis,
1309 2172 1517 2227 praeter
1555 2159 1665 2207 Do-

1501 2255 1599 2286 ml-

347 2384 399 2440 n)
432 2384 557 2427 Sicut
585 2385 628 2426 in
661 2383 889 2430 hodierno
922 2385 1236 2433 Kalendario,
1279 2384 1344 2425 ita
1382 2384 1429 2424 in
1459 2391 1662 2432 vetusto,
1732 2382 1735 2386 ’

403 2454 524 2506 qvod
543 2452 720 2508 legitur
742 2468 813 2507 ap.
838 2455 930 2495 RR.
952 2454 1113 2498 Koller
1133 2454 1178 2494 in
1200 2452 1306 2496 hist.
1328 2452 1440 2506 Epp.
1463 2452 1662 2508 Qvinqv.

400 2520 453 2562 T.
484 2522 517 2561 Ι.
551 2535 656 2577 pag.
689 2536 785 2575 399.
805 2522 871 2562 uti
892 2523 1030 2563 etiam
1061 2523 1107 2562 in
1139 2521 1225 2562 illo
1258 2522 1364 2563 anni
1395 2531 1514 2573 1474.
1537 2519 1662 2575 qvod

401 2600 550 2641 nuper
592 2591 767 2630 editum
811 2599 880 2630 est
909 2591 1030 2644 typis
1062 2618 1074 2638 ‚
1113 2590 1235 2630 inter
1276 2588 1525 2643 posthuma
1565 2588 1660 2631 RR.

399 2656 524 2712 Pray
564 2658 814 2712 opuscula,
855 2672 961 2714 pag.
1005 2670 1096 2712 147.
1135 2658 1234 2699 die's
1283 2657 1365 2699 ille
1406 2657 1573 2700 incidit
1612 2656 1659 2696 in

404 2735 613 2770 octavam
646 2727 747 2769 festi
776 2725 867 2769 00.
898 2725 971 2767 SS.
