1779 3128
289 311 437 360 Unde
464 307 732 359 Luceriam
758 311 807 360 in
834 312 1021 377 Apulia
1042 350 1058 371 ,
1095 313 1293 362 Ioannis
1322 309 1489 361 XXII.
1523 311 1661 360 Pon-

289 391 730 439 tificisvoluntate
749 428 763 449 ‚
802 389 868 438 ad
904 407 1093 440 annum
1121 392 1304 440 Christi
1333 406 1471 451 1322.
1497 402 1662 441 trans-

291 469 573 518 ferebatur.
612 469 671 532 11)
745 470 857 535 Qva
887 470 1097 518 Praesul
1125 470 1510 537 Zagrabiensis‚
1547 473 1656 519 iux-

291 560 342 597 ta
379 549 681 596 relationem
727 547 1010 597 Tomconis
1061 551 1362 598 Marnavitii
1385 588 1400 610 ‚
1437 553 1652 617 Synodi-

291 632 362 675 αἱς
410 633 876 693 congregationibus
904 667 918 688 ,
971 633 1182 694 quolibet
1230 649 1356 677 anno
1383 667 1400 688 ‚
1452 636 1657 678 institn-

289 719 392 754 tam
430 710 737 767 disciplinam
772 712 1062 756 roborabat.
1099 709 1162 769 v)
1235 707 1439 755 Frustra
1474 719 1650 757 tamen

288 783 581 833 huiusmodi
620 785 941 850 Synodorum
977 797 1123 845 acta,
1164 786 1369 833 fuerunt
1406 786 1649 835 hactenus

292 867 539 928 qvaesita.
615 864 884 913 Balthasar
932 864 1160 912 Adamus
1198 864 1500 912 Kerchelich
1539 870 1660 914 scri·

288 954 486 1009 pserat:
525 943 587 991 ab
629 943 910 1008 Augustino
947 955 1024 991 ter
1051 942 1310 1008 Synodum
1342 943 1656 993 celebratam

289 1024 476 1079 fuisse,
514 1033 694 1087 utpote
730 1038 863 1070 anno
906 1036 1045 1083 1307.
1084 1025 1222 1070 cuius
1261 1034 1374 1071 acta
1414 1041 1533 1071 mox
1567 1039 1660 1071 an-

290 1118 358 1149 no
396 1111 644 1164 seqvente
682 1101 1067 1149 confirmaverit
1105 1100 1387 1150 Cardinalis
1425 1101 1656 1163 Gentili3

289 1191 399 1227 turn
435 1195 567 1226 anno
613 1193 751 1237 1314.
792 1191 840 1228 et
874 1180 967 1228 sub
996 1184 1111 1228 anni
1146 1189 1284 1237 1318.
1318 1183 1657 1247 principium:

290 1260 401 1305 erui
448 1275 510 1305 ex
557 1258 767 1306 rubricis
815 1258 1066 1308 Breviarii
1111 1259 1372 1308 Ecclesiae
1409 1256 1654 1325 Zagrabi·

290 1338 455 1396 ensis,
493 1348 603 1384 et·e
636 1336 1007 1402 Capitularium
1039 1349 1342 1386 statutorum
1373 1339 1533 1396 libro,
1570 1339 1661 1402 qvi

291 1432 426 1463 anno
478 1429 616 1474 1334.
667 1418 803 1464 iussu
851 1415 1104 1464 Praesulis
1153 1415 1381 1466 Ladislai
1437 1419 1658 1464 conscri-

289 1505 409 1560 ptus
450 1506 574 1543 erat.
648 1494 843 1542 Locum
893 1512 1016 1543 vero
1061 1511 1164 1543 non
1215 1496 1303 1543 dat
1338 1496 1656 1544 Marnavicii

292 1584 516 1632 asserto,
556 1571 619 1620 de
655 1571 863 1639 Synodo
917 1574 1130 1640 singulis
1180 1576 1324 1622 annis
1373 1572 1657 1633 celebrata,

291 1663 398 1700 tum
448 1662 660 1718 propter
708 1652 881 1700 turbas
933 1655 985 1699 in
1034 1654 1203 1718 patria
1252 1668 1479 1718 graves:
1524 1663 1657 1711 tum,

294 1729 430 1794 qvod
477 1730 792 1798 Augustinus
840 1731 902 1780 ab
939 1731 1165 1779 Ecclesia
1214 1747 1301 1778 sua
1334 1730 1650 1794 freqventer‚

291 1809 524 1857 civilium
555 1812 879 1875 negotiorum
907 1826 1078 1872 causa,
1116 1808 1349 1860 debuerit
1374 1807 1566 1857 abesse.
1592 1807 1652 1871 x)

1384 2017 1436 2088 ς.
1475 2022 1593 2073 Lx.

350 2153 402 2210 u)
433 2153 635 2211 Legatur
666 2154 788 2209 Pray
821 2154 869 2196 in
898 2154 1083 2208 specim.
1106 2154 1231 2198 Hier.
1260 2154 1408 2210 Hung.
1440 2163 1571 2208 parte
1604 2156 1667 2197 11.

404 2235 507 2278 pag.
537 2233 634 2276 344.
665 2223 823 2266 Ioann.
856 2223 1052 2263 Tomcus
1083 2222 1378 2266 Marnavitius
1408 2221 1489 2275 Ep.
1523 2224 1657 2264 ssosn.

407 2289 581 2332 canon.
617 2299 664 2330 et
695 2290 947 2333 Coadiutor
978 2291 1174 2345 Zagrab.
1207 2290 1249 2329 in
1271 2288 1361 2329 MS.
1385 2289 1479 2332 vita
1501 2289 1547 2329 B.
1575 2291 1662 2329 Au·

405 2357 578 2412 gustini
598 2386 610 2405 ,
642 2371 772 2410 qvam
806 2359 861 2398 ab
893 2359 997 2401 eod.
1029 2357 1111 2397 sibi
1144 2357 1449 2398 transmissam
1473 2386 1485 2405 ,
1514 2356 1565 2399 P.
1594 2355 1659 2395 Si-

402 2425 538 2479 gism.
569 2426 803 2468 Ferrarius
836 2425 1032 2466 inseruit
1075 2425 1412 2465 commentario
1455 2425 1511 2465 de
1557 2424 1658 2465 reb.

403 2491 553 2546 Hung.
585 2491 859 2535 Provinciae
878 2492 986 2533 Ord.
1010 2492 1327 2534 Praedicator.
1349 2492 1477 2534 edito
1501 2492 1663 2532 Vienn-

403 2571 479 2598 ειη.
514 2561 629 2611 1633.
687 2559 816 2600 Adde
843 2559 1145 2609 Kerchelich,
1175 2561 1220 2600 in
1252 2559 1357 2603 hist.
1381 2559 1510 2601 Cath.
1534 2557 1664 2605 Eccl.

402 2625 601 2680 Zagrab.
641 2635 772 2680 parte
813 2630 847 2671 Ι.
881 2640 977 2680 cap.
1025 2640 1083 2680 ¹3·
1157 2628 1204 2682 v)
1237 2628 1367 2682 Apud
1397 2627 1658 2678 Ferrarium

407 2705 513 2749 pag.
546 2706 584 2746 9.
645 2692 695 2745 x)
729 2694 812 2735 Cit.
844 2707 919 2748 op.
951 2708 1054 2752 pag.
1090 2706 1182 2746 104.
