1779 3128
670 248 854 266 -·-
1385 250 1453 297 35

74 377 160 415 aut
183 360 436 411 mutilatIO
467 358 686 408 membri
717 360 873 408 fuerit
900 371 1138 424 seqvuta.
1217 376 1290 410 ιο.
1333 362 1454 409 Mu-

75 460 164 494 nus
198 441 391 488 Vicarii
427 440 774 488 Ecclesiarum
816 440 1098 502 Rectores,
1138 437 1318 502 lascis,
1365 441 1453 491 vel

65 521 286 587 'Clericis
325 522 549 568 uxoratis
588 537 652 568 ne
691 523 1032 571 committant.
1124 538 1196 572 11.
1239 520 1451 581 Clerici,

69 612 208 650 extra
266 600 531 648 manifesti
579 599 801 666 periculi
849 602 1088 649 timorem
1119 640 1134 660 ,
1189 618 1334 649 arma
1383 619 1449 650 ne

72 678 328 729 deferant.
397 680 570 744 Atqve
608 690 729 727 tunc
758 681 951 738 etiam,
989 680 1203 728 licentia
1243 681 1453 729 Praela-

68 762 107 808 ti
161 763 258 808 erit
308 777 455 826 opUS.
559 772 630 807 12.
680 757 757 806 Ne
807 756 1037 806 Clericus
1085 759 1450 818 beneficiatus,

62 839 159 887 vel
197 842 249 888 in
297 841 452 887 sacris
492 835 773 886 Ordinibus
821 840 1160 896 constitutus,
1198 838 1446 886 mulieres

71 922 124 967 in
158 917 314 967 domo
363 915 485 966 suae‘
530 916 862 965 habitationis
913 920 1166 976 retineat,
1219 916 1319 966 sub·
1363 935 1451 965 ex-

75 999 559 1062 communicationis
584 1011 771 1061 poena.
848 1010 921 1054 13.
961 995 1150 1044 Clerici
1176 1007 1451 1045 transeun-

70 1089 147 1126 tes
192 1094 353 1143 penes
394 1076 587 1133 altare,
625 1087 711 1123 aut
749 1075 965 1140 figuram
1002 1075 1063 1125 B.
1091 1075 1337 1142 Virginis,
1360 1075 1452 1126 vel

74 1156 352 1214 Crucifixi,
391 1153 627 1220 deposito
657 1156 840 1219 capitis
875 1157 1140 1220 tegmine,
1180 1167 1335 1221 caput
1372 1157 1452 1203 in-‘

73 1235 266 1282 clinent
306 1245 641 1291 reverenter,
692 1243 742 1280 et
777 1231 934 1280 laicos
973 1233 1040 1281 ad
1077 1234 1217 1282 idem
1256 1234 1454 1282 facien-

71 1312 193 1360 dum
242 1311 506 1360 inducant.
576 1310 865 1359 Audientes
911 1315 965 1360 in
1015 1313 1191 1361 officio
1231 1313 1453 1375 Divino,

76 1398 183 1442 Ave
217 1396 428 1449 Maria,
468 1392 612 1438 flexis
644 1384 888 1456 genibus,
927 1404 1229 1439 reverenter
1263 1409 1452 1459 corpus

71 1471 339 1520 inclinent.
420 1470 585 1519 Iidem
633 1473 684 1517 in
731 1473 925 1518 vestitu
963 1482 1324 1536 competente,
1373 1472 1454 1520 of·

71 1552 200 1599 ficiis
238 1551 445 1599 Divinis
472 1553 724 1601 intersint.
803 1566 877 1607 14.
915 1550 1267 1598 Ecclesiarum
1298 1551 1455 1599 Prae-

68 1630 191 1690 lati,
241 1647 358 1678 cum
395 1630 718 1692 Dioeceses,
771 1642 860 1679 aut
909 1631 1166 1679 Ecclesias
1215 1633 1453 1690 visitant,

69 1728 165 1759 nec
215 1713 313 1776 ipsi
365 1709 454 1759 has
506 1722 723 1778 gravent
783 1710 1081 1770 sumtibus,
1136 1727 1310 1774 neqve
1357 1727 1454 1776 per

67 1806 183 1838 suos
218 1790 501 1839 familiares
525 1794 730 1857 gravari
757 1793 1080 1857 permittant.
1151 1790 1211 1853 f)
1258 1805 1333 1849 15.
1373 1789 1452 1838 Ne

74 1869 206 1917 ullus
234 1869 554 1918 Beneficium
577 1870 999 1919 Ecclesiasticum
1035 1868 1100 1918 de
1123 1887 1280 1918 manu
1317 1869 1455 1918 laica

66 1951 323 2014 recipiat3
360 1966 532 2013 neqve
570 1950 685 1998 talis
724 1966 752 1997 a
790 1949 1028 1998 Praelato
1066 1965 1156 1996 suo
1206 1952 1454 1997 canonice

70 2028 385 2077 instituatur.
444 2030 518 2078 16.
557 2028 807 2078 Curatum
829 2027 1082 2077 habentes
1107 2029 1454 2088 Beneficium,

70 2106 369 2168 resideant,
408 2112 744 2172 serviantqve
779 2111 909 2175 ipsi,
948 2120 996 2156 et
1034 2125 1136 2155 non
1176 2125 1272 2174 per
1308 2111 1455 2155 vica-

69 2187 206 2246 ri05,
247 2186 444 2251 absqve
468 2187 725 2235 Praesulis
763 2198 987 2236 annutu:
1025 2204 1169 2235 secus
1205 2185 1455 2253 privandi

69 2265 182 2328 ipso
217 2267 328 2313 iure
378 2283 472 2332 per
508 2282 728 2326 annum,
783 2283 812 2315 a
846 2267 1111 2315 fructuum
1156 2269 1456 2333 perceptio-

71 2359 134 2390 ne
161 2379 175 2400 ,
215 2347 302 2408 qvi
338 2348 392 2394 in
430 2344 626 2404 libros,
664 2357 714 2395 et
751 2357 992 2394 ornatum
1028 2345 1291 2394 Ecclesiae
1330 2363 1454 2394 con-

74 2433 358 2472 vertantur.
433 2440 508 2485 17.
547 2425 897 2473 Ecclesiastici
924 2441 952 2472 a
988 2425 1453 2494 coniurationibus,

78 2508 131 2546 et
170 2504 630 2567 conspirationibus
668 2505 990 2567 abstineant,
1028 2503 1119 2553 sub
1155 2520 1454 2552 excommu-

715 2584 754 2633 C
795 2602 822 2633 2
1243 2586 1385 2632 nica-

139 2680 187 2737 f)
217 2682 378 2739 Legito
412 2685 467 2727 de
497 2686 585 2728 hoc
618 2688 847 2742 qverelam
881 2689 998 2745 legis
1031 2669 1244 2742 patriae,
1286 2695 1453 2740 utpote

197 2751 304 2793 anni
336 2762 454 2808 1493.
487 2764 571 2800 art.
603 2761 671 2811 69.
701 2767 746 2801 et
774 2759 882 2800 anni
916 2768 1038 2814 1504.
1069 2756 1319 2800 articulum
1357 2768 1420 2799 12·
