<?xml version="1.0" encoding="UTF-8"?>
<!DOCTYPE html PUBLIC "-//W3C//DTD XHTML 1.0 Transitional//EN"
    "http://www.w3.org/TR/xhtml1/DTD/xhtml1-transitional.dtd">
<html xmlns="http://www.w3.org/1999/xhtml" xml:lang="en" lang="en">
 <head>
  <title>
</title>
<meta http-equiv="Content-Type" content="text/html;charset=utf-8" />
  <meta name='ocr-system' content='tesseract 3.04.00' />
  <meta name='ocr-capabilities' content='ocr_page ocr_carea ocr_par ocr_line ocrx_word'/>
</head>
<body>
  <div class='ocr_page' id='page_1' title='image "./synopsiscriticoh00szvouoft_0047.png"; bbox 0 0 1779 3128; ppageno 0'>
   <div class='ocr_carea' id='block_1_1' title="bbox 663 217 1446 265">
    <p class='ocr_par' dir='ltr' id='par_1_1' title="bbox 663 217 1446 265">
     <span class='ocr_line' id='line_1_1' title="bbox 663 217 1446 265; baseline 0.003 -22"><span class='ocrx_word' id='word_1_1' title='bbox 663 217 850 245; x_wconf 58' lang='lat'><strong>3:2¹3..</strong></span> <span class='ocrx_word' id='word_1_2' title='bbox 1384 218 1446 265; x_wconf 80' lang='lat'><strong>29</strong></span> 
     </span>
    </p>
   </div>
   <div class='ocr_carea' id='block_1_2' title="bbox 666 320 855 391">
    <p class='ocr_par' dir='ltr' id='par_1_2' title="bbox 666 320 855 391">
     <span class='ocr_line' id='line_1_2' title="bbox 666 320 855 391; baseline -0.011 -15"><span class='ocrx_word' id='word_1_3' title='bbox 666 320 716 391; x_wconf 78' lang='lat'><strong>§.</strong></span> <span class='ocrx_word' id='word_1_4' title='bbox 786 325 855 375; x_wconf 82' lang='lat' dir='ltr'><strong>x.</strong></span> 
     </span>
    </p>
   </div>
   <div class='ocr_carea' id='block_1_3' title="bbox 510 458 996 520">
    <p class='ocr_par' dir='ltr' id='par_1_3' title="bbox 510 458 996 520">
     <span class='ocr_line' id='line_1_3' title="bbox 510 458 996 520; baseline -0.006 0"><span class='ocrx_word' id='word_1_5' title='bbox 510 458 667 520; x_wconf 80' lang='lat' dir='ltr'><strong>Eius</strong></span> <span class='ocrx_word' id='word_1_6' title='bbox 707 462 996 518; x_wconf 79' lang='lat' dir='ltr'><em>Decreta.</em></span> 
     </span>
    </p>
   </div>
   <div class='ocr_carea' id='block_1_4' title="bbox 58 604 1507 2036">
    <p class='ocr_par' dir='ltr' id='par_1_4' title="bbox 58 604 1507 2036">
     <span class='ocr_line' id='line_1_4' title="bbox 200 604 1440 688; baseline 0 -17"><span class='ocrx_word' id='word_1_7' title='bbox 200 622 400 671; x_wconf 85' lang='lat' dir='ltr'><strong>Primo:</strong></span> <span class='ocrx_word' id='word_1_8' title='bbox 452 619 732 688; x_wconf 82' lang='lat' dir='ltr'>Presbyter</span> <span class='ocrx_word' id='word_1_9' title='bbox 775 619 974 679; x_wconf 89' lang='lat' dir='ltr'><strong>solum,</strong></span> <span class='ocrx_word' id='word_1_10' title='bbox 1020 620 1105 668; x_wconf 90' lang='lat' dir='ltr'><strong>vel</strong></span> <span class='ocrx_word' id='word_1_11' title='bbox 1156 604 1440 684; x_wconf 79' lang='lat' dir='ltr'><strong>Diaconus,</strong></span> 
     </span>
     <span class='ocr_line' id='line_1_5' title="bbox 66 700 1440 767; baseline 0.001 -16"><span class='ocrx_word' id='word_1_12' title='bbox 66 704 214 767; x_wconf 88' lang='lat' dir='ltr'><strong>isqve</strong></span> <span class='ocrx_word' id='word_1_13' title='bbox 264 717 442 750; x_wconf 89' lang='lat' dir='ltr'><strong>carens</strong></span> <span class='ocrx_word' id='word_1_14' title='bbox 493 717 682 758; x_wconf 83' lang='lat' dir='ltr'><strong>uxore,</strong></span> <span class='ocrx_word' id='word_1_15' title='bbox 735 702 786 747; x_wconf 89' lang='lat' dir='ltr'><strong>in</strong></span> <span class='ocrx_word' id='word_1_16' title='bbox 837 700 1152 766; x_wconf 87' lang='lat' dir='ltr'>Episcopum</span> <span class='ocrx_word' id='word_1_17' title='bbox 1204 701 1440 767; x_wconf 80' lang='lat' dir='ltr'><strong>eligatur.</strong></span> 
     </span>
     <span class='ocr_line' id='line_1_6' title="bbox 65 777 1441 848; baseline -0.001 -17"><span class='ocrx_word' id='word_1_18' title='bbox 65 798 110 831; x_wconf 83' lang='lat'><strong>2.</strong></span> <span class='ocrx_word' id='word_1_19' title='bbox 153 782 429 848; x_wconf 82' lang='lat' dir='ltr'><strong>BigamuS,</strong></span> <span class='ocrx_word' id='word_1_20' title='bbox 468 777 554 828; x_wconf 87' lang='lat' dir='ltr'><strong>aut</strong></span> <span class='ocrx_word' id='word_1_21' title='bbox 592 782 680 844; x_wconf 88' lang='lat' dir='ltr'><strong>qvi</strong></span> <span class='ocrx_word' id='word_1_22' title='bbox 719 778 864 827; x_wconf 86' lang='lat' dir='ltr'><strong>duxit</strong></span> <span class='ocrx_word' id='word_1_23' title='bbox 902 795 1003 827; x_wconf 91' lang='lat' dir='ltr'><strong>non</strong></span> <span class='ocrx_word' id='word_1_24' title='bbox 1041 782 1334 845; x_wconf 86' lang='lat' dir='ltr'><strong>virginem,</strong></span> <span class='ocrx_word' id='word_1_25' title='bbox 1372 782 1441 830; x_wconf 90' lang='lat' dir='ltr'><strong>E-</strong></span> 
     </span>
     <span class='ocr_line' id='line_1_7' title="bbox 63 858 1440 928; baseline 0 -20"><span class='ocrx_word' id='word_1_26' title='bbox 63 864 309 928; x_wconf 92' lang='lat' dir='ltr'><strong>piscopus</strong></span> <span class='ocrx_word' id='word_1_27' title='bbox 348 861 459 908; x_wconf 87' lang='lat' dir='ltr'><strong>fieri</strong></span> <span class='ocrx_word' id='word_1_28' title='bbox 501 876 603 908; x_wconf 92' lang='lat' dir='ltr'><strong>non</strong></span> <span class='ocrx_word' id='word_1_29' title='bbox 651 862 828 925; x_wconf 81' lang='lat' dir='ltr'><strong>possit.</strong></span> <span class='ocrx_word' id='word_1_30' title='bbox 911 873 958 918; x_wconf 85' lang='lat'><strong>3.</strong></span> <span class='ocrx_word' id='word_1_31' title='bbox 998 858 1195 919; x_wconf 88' lang='lat' dir='ltr'><strong>Nem0‚</strong></span> <span class='ocrx_word' id='word_1_32' title='bbox 1248 863 1440 908; x_wconf 82' lang='lat' dir='ltr'><strong>vetitus</strong></span> 
     </span>
     <span class='ocr_line' id='line_1_8' title="bbox 63 938 1438 1007; baseline 0.001 -19"><span class='ocrx_word' id='word_1_33' title='bbox 63 957 158 1007; x_wconf 84' lang='lat' dir='ltr'><strong>per</strong></span> <span class='ocrx_word' id='word_1_34' title='bbox 207 942 383 988; x_wconf 82' lang='lat' dir='ltr'>Sacros</span> <span class='ocrx_word' id='word_1_35' title='bbox 435 938 671 987; x_wconf 89' lang='lat' dir='ltr'><strong>Canones</strong></span> <span class='ocrx_word' id='word_1_36' title='bbox 725 939 787 988; x_wconf 84' lang='lat' dir='ltr'><strong>ab</strong></span> <span class='ocrx_word' id='word_1_37' title='bbox 844 938 1160 999; x_wconf 80' lang='lat' dir='ltr'><strong>OrdinibuS,</strong></span> <span class='ocrx_word' id='word_1_38' title='bbox 1208 939 1438 989; x_wconf 69' lang='lat' dir='ltr'><strong>Antistoe</strong></span> 
     </span>
     <span class='ocr_line' id='line_1_9' title="bbox 64 1018 1439 1086; baseline 0 -18"><span class='ocrx_word' id='word_1_39' title='bbox 64 1020 305 1086; x_wconf 81' lang='lat' dir='ltr'>eligatur.</span> <span class='ocrx_word' id='word_1_40' title='bbox 387 1034 434 1075; x_wconf 84' lang='grc'><strong>4.</strong></span> <span class='ocrx_word' id='word_1_41' title='bbox 472 1018 690 1066; x_wconf 86' lang='lat' dir='ltr'>Nonnisi</span> <span class='ocrx_word' id='word_1_42' title='bbox 726 1035 821 1085; x_wconf 91' lang='lat' dir='ltr'><strong>per</strong></span> <span class='ocrx_word' id='word_1_43' title='bbox 857 1020 1135 1068; x_wconf 84' lang='lat' dir='ltr'><strong>intervalla</strong></span> <span class='ocrx_word' id='word_1_44' title='bbox 1168 1032 1439 1085; x_wconf 86' lang='lat' dir='ltr'><strong>promotus</strong></span> 
     </span>
     <span class='ocr_line' id='line_1_10' title="bbox 62 1096 1437 1165; baseline 0.001 -17"><span class='ocrx_word' id='word_1_45' title='bbox 62 1100 128 1148; x_wconf 88' lang='lat' dir='ltr'><strong>ad</strong></span> <span class='ocrx_word' id='word_1_46' title='bbox 182 1115 352 1147; x_wconf 86' lang='lat' dir='ltr'><strong>sacros</strong></span> <span class='ocrx_word' id='word_1_47' title='bbox 415 1096 665 1157; x_wconf 75' lang='lat' dir='ltr'>ordines,</span> <span class='ocrx_word' id='word_1_48' title='bbox 724 1098 1010 1164; x_wconf 87' lang='lat' dir='ltr'>Episcopus</span> <span class='ocrx_word' id='word_1_49' title='bbox 1064 1098 1297 1165; x_wconf 84' lang='lat' dir='ltr'><strong>eligatur.</strong></span> <span class='ocrx_word' id='word_1_50' title='bbox 1387 1114 1437 1159; x_wconf 86' lang='lat'><strong>5.</strong></span> 
     </span>
     <span class='ocr_line' id='line_1_11' title="bbox 65 1167 1507 1245; baseline 0.001 -19"><span class='ocrx_word' id='word_1_51' title='bbox 65 1178 252 1226; x_wconf 91' lang='lat' dir='ltr'><strong>Nullus</strong></span> <span class='ocrx_word' id='word_1_52' title='bbox 297 1194 392 1242; x_wconf 90' lang='lat' dir='ltr'><strong>per</strong></span> <span class='ocrx_word' id='word_1_53' title='bbox 439 1177 693 1225; x_wconf 80' lang='lat' dir='ltr'><strong>occultam</strong></span> <span class='ocrx_word' id='word_1_54' title='bbox 742 1179 1142 1225; x_wconf 77' lang='lat' dir='ltr'><strong>insinuationem</strong></span> <span class='ocrx_word' id='word_1_55' title='bbox 1181 1178 1314 1245; x_wconf 87' lang='lat' dir='ltr'><strong>Regi</strong></span> <span class='ocrx_word' id='word_1_56' title='bbox 1359 1179 1437 1228; x_wconf 81' lang='lat' dir='ltr'><strong>fa-</strong></span> <span class='ocrx_word' id='word_1_57' title='bbox 1505 1167 1507 1171; x_wconf 14' lang='grc' dir='ltr'><em>Α</em></span> 
     </span>
     <span class='ocr_line' id='line_1_12' title="bbox 66 1253 1436 1322; baseline 0.001 -17"><span class='ocrx_word' id='word_1_58' title='bbox 66 1268 237 1313; x_wconf 89' lang='lat' dir='ltr'><strong>ctam,</strong></span> <span class='ocrx_word' id='word_1_59' title='bbox 274 1267 361 1302; x_wconf 93' lang='lat' dir='ltr'><strong>aut</strong></span> <span class='ocrx_word' id='word_1_60' title='bbox 394 1272 488 1321; x_wconf 89' lang='lat' dir='ltr'><strong>per</strong></span> <span class='ocrx_word' id='word_1_61' title='bbox 526 1253 865 1315; x_wconf 79' lang='lat' dir='ltr'><strong>seditionem,</strong></span> <span class='ocrx_word' id='word_1_62' title='bbox 903 1256 989 1303; x_wconf 85' lang='lat' dir='ltr'><strong>vel</strong></span> <span class='ocrx_word' id='word_1_63' title='bbox 1026 1259 1320 1322; x_wconf 88' lang='lat' dir='ltr'><strong>pecuniam,</strong></span> <span class='ocrx_word' id='word_1_64' title='bbox 1347 1269 1436 1307; x_wconf 89' lang='lat' dir='ltr'><strong>aut</strong></span> 
     </span>
     <span class='ocr_line' id='line_1_13' title="bbox 63 1333 1436 1402; baseline 0.002 -19"><span class='ocrx_word' id='word_1_65' title='bbox 63 1338 283 1402; x_wconf 77' lang='lat' dir='ltr'><strong>gratiam</strong></span> <span class='ocrx_word' id='word_1_66' title='bbox 320 1334 630 1401; x_wconf 79' lang='lat' dir='ltr'><strong>specialem,</strong></span> <span class='ocrx_word' id='word_1_67' title='bbox 678 1333 768 1382; x_wconf 90' lang='lat' dir='ltr'><strong>sed</strong></span> <span class='ocrx_word' id='word_1_68' title='bbox 805 1337 1065 1381; x_wconf 89' lang='lat' dir='ltr'><strong>communi</strong></span> <span class='ocrx_word' id='word_1_69' title='bbox 1105 1336 1345 1396; x_wconf 88' lang='lat' dir='ltr'><strong>consilio,</strong></span> <span class='ocrx_word' id='word_1_70' title='bbox 1385 1348 1436 1386; x_wconf 91' lang='lat' dir='ltr'><strong>et</strong></span> 
     </span>
     <span class='ocr_line' id='line_1_14' title="bbox 64 1413 1433 1481; baseline 0.001 -18"><span class='ocrx_word' id='word_1_71' title='bbox 64 1431 315 1464; x_wconf 87' lang='lat' dir='ltr'><strong>consensu</strong></span> <span class='ocrx_word' id='word_1_72' title='bbox 352 1416 498 1479; x_wconf 89' lang='lat' dir='ltr'><strong>pari,</strong></span> <span class='ocrx_word' id='word_1_73' title='bbox 537 1413 821 1479; x_wconf 89' lang='lat' dir='ltr'><strong>Episcopus</strong></span> <span class='ocrx_word' id='word_1_74' title='bbox 870 1413 978 1461; x_wconf 87' lang='lat' dir='ltr'><strong>fiat.</strong></span> <span class='ocrx_word' id='word_1_75' title='bbox 1061 1414 1106 1463; x_wconf 91' lang='lat'><strong>6.</strong></span> <span class='ocrx_word' id='word_1_76' title='bbox 1144 1414 1433 1481; x_wconf 82' lang='lat' dir='ltr'><strong>Episcopus</strong></span> 
     </span>
     <span class='ocr_line' id='line_1_15' title="bbox 62 1491 1434 1558; baseline 0.001 -16"><span class='ocrx_word' id='word_1_77' title='bbox 62 1495 260 1558; x_wconf 86' lang='lat' dir='ltr'><strong>absqve</strong></span> <span class='ocrx_word' id='word_1_78' title='bbox 308 1492 481 1558; x_wconf 86' lang='lat' dir='ltr'><strong>Papae</strong></span> <span class='ocrx_word' id='word_1_79' title='bbox 518 1509 798 1551; x_wconf 84' lang='lat' dir='ltr'><strong>consensu,</strong></span> <span class='ocrx_word' id='word_1_80' title='bbox 850 1491 917 1540; x_wconf 90' lang='lat' dir='ltr'><strong>ad</strong></span> <span class='ocrx_word' id='word_1_81' title='bbox 963 1491 1119 1541; x_wconf 87' lang='lat' dir='ltr'><strong>aliam</strong></span> <span class='ocrx_word' id='word_1_82' title='bbox 1155 1494 1331 1542; x_wconf 90' lang='lat' dir='ltr'><strong>sedem</strong></span> <span class='ocrx_word' id='word_1_83' title='bbox 1369 1512 1434 1544; x_wconf 90' lang='lat' dir='ltr'><strong>ne</strong></span> 
     </span>
     <span class='ocr_line' id='line_1_16' title="bbox 62 1572 1436 1638; baseline 0.001 -17"><span class='ocrx_word' id='word_1_84' title='bbox 62 1573 416 1622; x_wconf 71' lang='lat' dir='ltr'><strong>transferatur.</strong></span> <span class='ocrx_word' id='word_1_85' title='bbox 500 1588 547 1633; x_wconf 91' lang='lat'><strong>7.</strong></span> <span class='ocrx_word' id='word_1_86' title='bbox 595 1573 882 1638; x_wconf 89' lang='lat' dir='ltr'><strong>Episcopus</strong></span> <span class='ocrx_word' id='word_1_87' title='bbox 929 1572 1123 1637; x_wconf 88' lang='lat' dir='ltr'><strong>absqve</strong></span> <span class='ocrx_word' id='word_1_88' title='bbox 1173 1573 1436 1623; x_wconf 88' lang='lat' dir='ltr'><strong>Pontificis</strong></span> 
     </span>
     <span class='ocr_line' id='line_1_17' title="bbox 61 1651 1437 1718; baseline 0.002 -18"><span class='ocrx_word' id='word_1_89' title='bbox 61 1669 266 1701; x_wconf 87' lang='lat' dir='ltr'><strong>assensu</strong></span> <span class='ocrx_word' id='word_1_90' title='bbox 304 1669 399 1700; x_wconf 91' lang='lat' dir='ltr'><strong>nec</strong></span> <span class='ocrx_word' id='word_1_91' title='bbox 439 1651 758 1717; x_wconf 79' lang='lat' dir='ltr'><strong>deponatur,</strong></span> <span class='ocrx_word' id='word_1_92' title='bbox 809 1658 984 1716; x_wconf 86' lang='lat' dir='ltr'><strong>neqve</strong></span> <span class='ocrx_word' id='word_1_93' title='bbox 1020 1655 1286 1718; x_wconf 85' lang='lat' dir='ltr'><strong>capiatur,</strong></span> <span class='ocrx_word' id='word_1_94' title='bbox 1336 1656 1437 1704; x_wconf 84' lang='lat' dir='ltr'><strong>nisi</strong></span> 
     </span>
     <span class='ocr_line' id='line_1_18' title="bbox 60 1731 1432 1798; baseline 0.001 -18"><span class='ocrx_word' id='word_1_95' title='bbox 60 1734 260 1780; x_wconf 88' lang='lat' dir='ltr'><strong>crimen</strong></span> <span class='ocrx_word' id='word_1_96' title='bbox 311 1731 630 1779; x_wconf 84' lang='lat' dir='ltr'><strong>infidelitatis</strong></span> <span class='ocrx_word' id='word_1_97' title='bbox 698 1731 854 1779; x_wconf 87' lang='lat' dir='ltr'><strong>fuerit</strong></span> <span class='ocrx_word' id='word_1_98' title='bbox 909 1732 1317 1798; x_wconf 87' lang='lat' dir='ltr'><strong>comprobatum.</strong></span> <span class='ocrx_word' id='word_1_99' title='bbox 1370 1735 1432 1797; x_wconf 86' lang='lat' dir='ltr'><strong>x)</strong></span> 
     </span>
     <span class='ocr_line' id='line_1_19' title="bbox 61 1809 1434 1873; baseline 0.001 -13"><span class='ocrx_word' id='word_1_100' title='bbox 61 1818 107 1864; x_wconf 87' lang='lat'><strong>8.</strong></span> <span class='ocrx_word' id='word_1_101' title='bbox 142 1811 332 1862; x_wconf 69' lang='lat' dir='ltr'><strong>,Nullus</strong></span> <span class='ocrx_word' id='word_1_102' title='bbox 370 1813 420 1858; x_wconf 94' lang='lat' dir='ltr'><strong>in</strong></span> <span class='ocrx_word' id='word_1_103' title='bbox 458 1809 938 1859; x_wconf 88' lang='lat' dir='ltr'><strong>Archi-Diaconum</strong></span> <span class='ocrx_word' id='word_1_104' title='bbox 962 1849 977 1871; x_wconf 87' lang='lat'><strong>,</strong></span> <span class='ocrx_word' id='word_1_105' title='bbox 1015 1829 1103 1859; x_wconf 87' lang='lat' dir='ltr'><strong>seu</strong></span> <span class='ocrx_word' id='word_1_106' title='bbox 1140 1811 1434 1873; x_wconf 87' lang='lat' dir='ltr'><strong>Decanum,</strong></span> 
     </span>
     <span class='ocr_line' id='line_1_20' title="bbox 58 1889 1434 1958; baseline 0.001 -20"><span class='ocrx_word' id='word_1_107' title='bbox 58 1890 146 1938; x_wconf 89' lang='lat' dir='ltr'><strong>vel</strong></span> <span class='ocrx_word' id='word_1_108' title='bbox 191 1889 781 1956; x_wconf 79' lang='lat' dir='ltr'><strong>Archi-Presbyterum,</strong></span> <span class='ocrx_word' id='word_1_109' title='bbox 833 1890 920 1938; x_wconf 88' lang='lat' dir='ltr'><strong>vel</strong></span> <span class='ocrx_word' id='word_1_110' title='bbox 970 1891 1264 1939; x_wconf 88' lang='lat' dir='ltr'><strong>Diaconum</strong></span> <span class='ocrx_word' id='word_1_111' title='bbox 1313 1909 1434 1958; x_wconf 86' lang='lat' dir='ltr'><strong>pro-</strong></span> 
     </span>
     <span class='ocr_line' id='line_1_21' title="bbox 59 1968 1435 2036; baseline 0.002 -19"><span class='ocrx_word' id='word_1_112' title='bbox 59 1981 347 2020; x_wconf 89' lang='lat' dir='ltr'><strong>moveatur.</strong></span> <span class='ocrx_word' id='word_1_113' title='bbox 379 1969 449 2036; x_wconf 84' lang='lat' dir='ltr'><strong>y)</strong></span> <span class='ocrx_word' id='word_1_114' title='bbox 522 1982 568 2028; x_wconf 89' lang='lat'><strong>9.</strong></span> <span class='ocrx_word' id='word_1_115' title='bbox 607 1968 802 2030; x_wconf 89' lang='lat' dir='ltr'><strong>Nem0,</strong></span> <span class='ocrx_word' id='word_1_116' title='bbox 840 1986 942 2018; x_wconf 92' lang='lat' dir='ltr'><strong>non</strong></span> <span class='ocrx_word' id='word_1_117' title='bbox 977 1970 1301 2029; x_wconf 85' lang='lat' dir='ltr'><strong>Monachus,</strong></span> <span class='ocrx_word' id='word_1_118' title='bbox 1343 1972 1435 2021; x_wconf 88' lang='lat' dir='ltr'><strong>fiat</strong></span> 
     </span>
    </p>
   </div>
   <div class='ocr_carea' id='block_1_5' title="bbox 1254 2051 1363 2101">
    <p class='ocr_par' dir='ltr' id='par_1_5' title="bbox 1254 2051 1363 2101">
     <span class='ocr_line' id='line_1_22' title="bbox 1254 2051 1363 2101; baseline 0.009 -1"><span class='ocrx_word' id='word_1_119' title='bbox 1254 2051 1363 2101; x_wconf 87' lang='lat' dir='ltr'><strong>Ab·</strong></span> 
     </span>
    </p>
   </div>
   <div class='ocr_carea' id='block_1_6' title="bbox 118 2177 1436 2773">
    <p class='ocr_par' dir='ltr' id='par_1_6' title="bbox 118 2177 1436 2719">
     <span class='ocr_line' id='line_1_23' title="bbox 118 2177 1433 2240; baseline 0.004 -21"><span class='ocrx_word' id='word_1_120' title='bbox 118 2177 172 2236; x_wconf 85' lang='lat' dir='ltr'><strong>x)</strong></span> <span class='ocrx_word' id='word_1_121' title='bbox 201 2179 336 2220; x_wconf 83' lang='lat' dir='ltr'><strong>Vides</strong></span> <span class='ocrx_word' id='word_1_122' title='bbox 358 2209 369 2228; x_wconf 90' lang='lat'><strong>,</strong></span> <span class='ocrx_word' id='word_1_123' title='bbox 409 2181 500 2222; x_wconf 87' lang='lat' dir='ltr'><strong>iam</strong></span> <span class='ocrx_word' id='word_1_124' title='bbox 531 2189 638 2226; x_wconf 89' lang='lat' dir='ltr'><strong>tunc</strong></span> <span class='ocrx_word' id='word_1_125' title='bbox 676 2182 876 2239; x_wconf 84' lang='lat' dir='ltr'><strong>viguisse</strong></span> <span class='ocrx_word' id='word_1_126' title='bbox 916 2181 1067 2240; x_wconf 87' lang='lat' dir='ltr'><strong>legem</strong></span> <span class='ocrx_word' id='word_1_127' title='bbox 1100 2183 1433 2239; x_wconf 74' lang='lat' dir='ltr'><strong>Hungaricam,</strong></span> 
     </span>
     <span class='ocr_line' id='line_1_24' title="bbox 176 2248 1433 2304; baseline 0.005 -16"><span class='ocrx_word' id='word_1_128' title='bbox 176 2257 227 2289; x_wconf 88' lang='lat' dir='ltr'><strong>ut</strong></span> <span class='ocrx_word' id='word_1_129' title='bbox 258 2248 453 2298; x_wconf 86' lang='lat' dir='ltr'><strong>Clerici,</strong></span> <span class='ocrx_word' id='word_1_130' title='bbox 484 2263 576 2290; x_wconf 87' lang='lat' dir='ltr'><strong>non</strong></span> <span class='ocrx_word' id='word_1_131' title='bbox 610 2249 823 2292; x_wconf 81' lang='lat' dir='ltr'><strong>obstante</strong></span> <span class='ocrx_word' id='word_1_132' title='bbox 853 2251 1085 2304; x_wconf 82' lang='lat' dir='ltr'><strong>personali</strong></span> <span class='ocrx_word' id='word_1_133' title='bbox 1116 2252 1433 2303; x_wconf 79' lang='lat' dir='ltr'><strong>immunitate,</strong></span> 
     </span>
     <span class='ocr_line' id='line_1_25' title="bbox 172 2317 1426 2378; baseline 0.006 -23"><span class='ocrx_word' id='word_1_134' title='bbox 172 2317 258 2356; x_wconf 90' lang='lat' dir='ltr'><strong>sibi</strong></span> <span class='ocrx_word' id='word_1_135' title='bbox 289 2330 372 2370; x_wconf 89' lang='lat' dir='ltr'><strong>per</strong></span> <span class='ocrx_word' id='word_1_136' title='bbox 411 2317 566 2374; x_wconf 88' lang='lat' dir='ltr'><strong>legem</strong></span> <span class='ocrx_word' id='word_1_137' title='bbox 598 2318 968 2361; x_wconf 82' lang='lat' dir='ltr'><strong>Ecclesiastieam</strong></span> <span class='ocrx_word' id='word_1_138' title='bbox 990 2349 1006 2369; x_wconf 91' lang='lat'><em>‚</em></span> <span class='ocrx_word' id='word_1_139' title='bbox 1035 2329 1081 2361; x_wconf 90' lang='lat' dir='ltr'><strong>et</strong></span> <span class='ocrx_word' id='word_1_140' title='bbox 1109 2321 1426 2378; x_wconf 81' lang='lat' dir='ltr'><strong>Hungaricam</strong></span> 
     </span>
     <span class='ocr_line' id='line_1_26' title="bbox 170 2387 1432 2443; baseline 0.005 -18"><span class='ocrx_word' id='word_1_141' title='bbox 170 2397 422 2436; x_wconf 85' lang='lat' dir='ltr'><strong>concessa,</strong></span> <span class='ocrx_word' id='word_1_142' title='bbox 463 2387 522 2427; x_wconf 91' lang='lat' dir='ltr'><strong>ob</strong></span> <span class='ocrx_word' id='word_1_143' title='bbox 554 2397 739 2441; x_wconf 80' lang='lat' dir='ltr'><strong>patrata</strong></span> <span class='ocrx_word' id='word_1_144' title='bbox 770 2388 993 2442; x_wconf 84' lang='lat' dir='ltr'><strong>qvaedam</strong></span> <span class='ocrx_word' id='word_1_145' title='bbox 1029 2389 1224 2430; x_wconf 78' lang='lat' dir='ltr'><strong>crimina</strong></span> <span class='ocrx_word' id='word_1_146' title='bbox 1245 2419 1259 2438; x_wconf 91' lang='lat'><em>‚</em></span> <span class='ocrx_word' id='word_1_147' title='bbox 1302 2391 1432 2443; x_wconf 86' lang='lat' dir='ltr'><strong>prius</strong></span> 
     </span>
     <span class='ocr_line' id='line_1_27' title="bbox 174 2452 1431 2513; baseline 0.005 -21"><span class='ocrx_word' id='word_1_148' title='bbox 174 2452 445 2509; x_wconf 81' lang='lat' dir='ltr'><strong>degradati,</strong></span> <span class='ocrx_word' id='word_1_149' title='bbox 476 2456 702 2498; x_wconf 80' lang='lat' dir='ltr'><strong>saeculari</strong></span> <span class='ocrx_word' id='word_1_150' title='bbox 732 2455 835 2497; x_wconf 86' lang='lat' dir='ltr'><strong>foro</strong></span> <span class='ocrx_word' id='word_1_151' title='bbox 867 2457 1130 2502; x_wconf 81' lang='lat' dir='ltr'><strong>tradantur.</strong></span> <span class='ocrx_word' id='word_1_152' title='bbox 1191 2459 1302 2500; x_wconf 88' lang='lat' dir='ltr'><strong>Vide</strong></span> <span class='ocrx_word' id='word_1_153' title='bbox 1320 2460 1431 2513; x_wconf 71' lang='lat' dir='ltr'><strong>trip.</strong></span> 
     </span>
     <span class='ocr_line' id='line_1_28' title="bbox 174 2522 1433 2580; baseline 0.008 -22"><span class='ocrx_word' id='word_1_154' title='bbox 174 2529 306 2571; x_wconf 81' lang='lat' dir='ltr'><strong>parte</strong></span> <span class='ocrx_word' id='word_1_155' title='bbox 337 2522 394 2566; x_wconf 86' lang='grc' dir='ltr'><strong>ΙΙ.</strong></span> <span class='ocrx_word' id='word_1_156' title='bbox 423 2523 516 2567; x_wconf 89' lang='lat' dir='ltr'><strong>titt.</strong></span> <span class='ocrx_word' id='word_1_157' title='bbox 545 2535 612 2577; x_wconf 86' lang='grc'><strong>44.</strong></span> <span class='ocrx_word' id='word_1_158' title='bbox 678 2523 732 2580; x_wconf 81' lang='lat' dir='ltr'><strong>y)</strong></span> <span class='ocrx_word' id='word_1_159' title='bbox 763 2525 865 2567; x_wconf 87' lang='lat' dir='ltr'><strong>Non</strong></span> <span class='ocrx_word' id='word_1_160' title='bbox 897 2527 1165 2569; x_wconf 89' lang='lat' dir='ltr'><strong>omnimode</strong></span> <span class='ocrx_word' id='word_1_161' title='bbox 1197 2541 1433 2580; x_wconf 80' lang='lat' dir='ltr'><strong>asseqvor,</strong></span> 
     </span>
     <span class='ocr_line' id='line_1_29' title="bbox 181 2587 1432 2649; baseline 0.006 -21"><span class='ocrx_word' id='word_1_162' title='bbox 181 2587 288 2639; x_wconf 90' lang='lat' dir='ltr'><strong>qvid</strong></span> <span class='ocrx_word' id='word_1_163' title='bbox 328 2590 412 2632; x_wconf 86' lang='lat' dir='ltr'><strong>sibi</strong></span> <span class='ocrx_word' id='word_1_164' title='bbox 452 2591 566 2633; x_wconf 87' lang='lat' dir='ltr'><strong>velit</strong></span> <span class='ocrx_word' id='word_1_165' title='bbox 595 2602 687 2634; x_wconf 86' lang='lat' dir='ltr'><strong>tam</strong></span> <span class='ocrx_word' id='word_1_166' title='bbox 720 2594 874 2649; x_wconf 79' lang='lat' dir='ltr'><strong>ampla</strong></span> <span class='ocrx_word' id='word_1_167' title='bbox 905 2595 1162 2649; x_wconf 87' lang='lat' dir='ltr'><strong>prohibitio</strong></span> <span class='ocrx_word' id='word_1_168' title='bbox 1189 2625 1204 2646; x_wconf 93' lang='lat'><strong>,</strong></span> <span class='ocrx_word' id='word_1_169' title='bbox 1245 2595 1432 2637; x_wconf 87' lang='lat' dir='ltr'><strong>inclusis</strong></span> 
     </span>
     <span class='ocr_line' id='line_1_30' title="bbox 178 2654 1436 2719; baseline 0.007 -24"><span class='ocrx_word' id='word_1_170' title='bbox 178 2654 394 2700; x_wconf 86' lang='lat' dir='ltr'><strong>videlicet</strong></span> <span class='ocrx_word' id='word_1_171' title='bbox 427 2661 563 2703; x_wconf 85' lang='lat' dir='ltr'><strong>etiam</strong></span> <span class='ocrx_word' id='word_1_172' title='bbox 587 2662 818 2706; x_wconf 76' lang='lat' dir='ltr'><strong>Diaconis.</strong></span> <span class='ocrx_word' id='word_1_173' title='bbox 882 2662 1190 2719; x_wconf 85' lang='lat' dir='ltr'><strong>Reliqvorum</strong></span> <span class='ocrx_word' id='word_1_174' title='bbox 1220 2665 1340 2707; x_wconf 83' lang='lat' dir='ltr'><strong>enim</strong></span> <span class='ocrx_word' id='word_1_175' title='bbox 1369 2663 1436 2704; x_wconf 75' lang='lat' dir='ltr'><strong>ibi</strong></span> 
     </span>
    </p>

    <p class='ocr_par' dir='ltr' id='par_1_7' title="bbox 1260 2746 1378 2773">
     <span class='ocr_line' id='line_1_31' title="bbox 1260 2746 1378 2773; baseline -0.017 -1"><span class='ocrx_word' id='word_1_176' title='bbox 1260 2746 1378 2773; x_wconf 69' lang='lat' dir='ltr'><strong>recl-</strong></span> 
     </span>
    </p>
   </div>
  </div>
 </body>
</html>
