1779 3128
637 133 820 151 --·-·
1318 133 1411 181 2¹9

41 259 290 312 vesteqve
326 247 568 313 propria,
606 257 656 294 et
692 246 929 302 decenti,
985 257 1287 309 comparere
1331 249 1419 309 ⁴te-

39 339 238 376 neatur.
310 326 613 374 Obtinuerat
667 325 821 373 hasce
872 325 1044 371 literas
1097 333 1272 370 noster
1323 320 1419 368 Pe'-

41 407 242 454 terffius
283 422 309 452 e
357 402 646 454 Tabulario
685 403 1008 453 Venerabilis
1051 400 1278 468 Capituli
1329 398 1419 447 Ni-

35 488 251 534 triensis.
288 484 350 550 p)
440 485 586 550 Qvae
637 502 726 532 nos
779 483 998 542 docent,
1037 492 1209 530 cetera
1258 483 1414 538 inter,

39 567 333 629 qvaesitum
380 564 534 612 fuisse
574 564 636 613 de
675 565 946 630 legitimo,
1002 571 1085 609 aut
1144 560 1417 625 illegitimo

38 661 247 701 eorum,
285 647 373 708 qvi
410 643 620 710 Synodo
670 643 787 692 huic
837 646 1087 690 interesse
1139 638 1418 699 debebant,

39 721 106 772 ad
138 723 494 775 Ecclesiastica
533 724 796 773 Beneficia
832 725 1085 787 ingressu.

590 890 642 961 §.
714 893 852 944 xci.

294 1045 439 1119 Syn.
491 1044 678 1116 Zagr.
726 1062 784 1099 a.
831 1041 1163 1099 MDLXX.

91 1245 97 1248 -
176 1215 423 1281 Georgius
479 1214 817 1263 Draskowith
844 1253 859 1275 ‚
927 1213 1257 1263 Draskovich
1288 1253 1301 1274 ‚
1368 1226 1418 1265 et

38 1294 389 1354 Draskovics‚
425 1296 574 1344 scribi
615 1295 824 1353 solitUS,
861 1311 946 1342 eos
983 1298 1116 1342 int-er
1154 1293 1417 1343 praesules

38 1373 386 1422 numerandus
436 1385 542 1433 est,
599 1377 685 1438 qvi
724 1373 960 1440 Synodos
999 1373 1415 1425 celebraverunt-

38 1454 79 1502 E
114 1465 409 1519 pervetusta
445 1456 484 1501 is
523 1454 715 1501 familia
761 1465 909 1502 natus
954 1470 1089 1502 anno
1136 1469 1276 1513 1515.
1324 1470 1418 1519 pa-

39 1545 170 1582 trem
219 1531 398 1582 habuit
447 1532 956 1594 Bartholomaeumg,
1016 1545 1238 1582 matrem
1290 1550 1416 1586 vero

38 1613 245 1661 Annam
286 1612 655 1670 Utissinovith‚
694 1630 924 1661 sororem
973 1612 1183 1679 Georgii
1232 1612 1416 1661 Marti-

40 1694 184 1741 nusii.
258 1691 411 1739 Cuius
450 1695 600 1739 etiam
636 1695 912 1757 inipensi5‚
964 1692 1277 1752 Cracwviae,
1314 1692 1417 1739 Bo-

39 1773 257 1829 noniae,
289 1771 486 1818 Romae
514 1774 734 1819 scientiis
770 1772 1026 1831 excultus,
1063 1775 1288 1839 primum
1318 1771 1416 1820 Cae

40 1853 247 1898 nonicus
275 1848 656 1908 VaradinensiS‚
687 1851 770 1899 ubi
804 1862 924 1900 tunc
956 1851 1234 1899 avunculus
1266 1851 1417 1899 Prae-

40 1929 201 1978 sulem
240 1929 460 1996 agebat,
500 1931 559 1994 q)
602 1929 722 1981 dein
760 1930 1083 1997 Praepositus
1121 1929 1416 1979 Lelesziene

41 2011 141 2067 sis,
195 2010 256 2071 r)
312 2021 420 2061 tum
472 2010 534 2059 ab
584 2027 719 2058 anno
777 2011 916 2069 1556.
958 2010 1312 2069 posoniensis,
1364 2020 1416 2059 et

37 2098 152 2154 post
190 2087 469 2139 Antonium
504 2089 840 2150 venantium,
890 2105 1025 2141 anno
1068 2103 1209 2149 1557.
1246 2089 1417 2154 Qvin·

1225 2185 1347 2232 qve-

97 2311 149 2367 p)
180 2313 292 2354 Vide
333 2314 376 2355 in
420 2315 514 2356 eius
557 2328 630 2368 op.
669 2315 723 2355 T.
770 2314 830 2358 ΙΙ.
875 2326 981 2370 pag.
1027 2317 1122 2361 186.
1194 2313 1247 2367 q)
1287 2313 1414 2370 Lege

155 2381 280 2436 Pray
310 2383 353 2423 in
386 2384 570 2435 specim.
602 2384 726 2427 Hier.
758 2384 908 2438 Hung.
934 2390 1067 2436 parte
1098 2382 1153 2425 ΙΙ.
1177 2395 1281 2438 pag.
1319 2389 1416 2435 187.

151 2449 246 2489 RR.
278 2453 456 2492 Katoua
494 2452 540 2492 in
569 2454 618 2495 A.
659 2451 771 2504 Epp.
814 2449 972 2494 Coloe.
1014 2458 1152 2504 pgrte
1183 2450 1238 2494 ΙΙ.
1274 2448 1313 2504 5.
1351 2464 1415 2503 172

151 2530 276 2558 num.
314 2532 376 2570 19.
439 2518 481 2571 r)
515 2520 643 2560 Idem
675 2519 870 2567 ibidem,
901 2518 1035 2559 Licet
1064 2518 1185 2572 Pray
1228 2519 1305 2561 cit.
1340 2531 1417 2570 ope

155 2595 285 2637 parte
328 2589 361 2628 I.
408 2600 511 2642 pag.
551 2601 617 2642 35,
661 2588 706 2628 in
739 2588 892 2633 indice
924 2587 1305 2643 Praepositorum
1336 2585 1415 2630 Lea

156 2652 480 2705 lesziensium,
508 2653 628 2700 hunc
657 2671 749 2700 non
780 2657 1004 2703 nominet.
