1811 3128
337 166 397 218 16
930 175 1117 194 ··-“···

332 289 518 340 Nullus
556 287 843 355 Episcopus
875 325 890 349 ‚
941 300 1027 338 aut
1063 288 1342 358 Presbyter
1375 287 1700 344 Monachum

335 369 560 419 ordinet.
658 374 773 432 Cap.
825 370 1302 422 42.'Monasticam
1350 372 1557 421 indutus
1608 391 1702 422 ve-

332 460 501 507 stem,
552 447 639 496 vel
692 451 848 497 intret
892 450 1306 509 Monasterium‚
1359 452 1444 499 vel
1496 454 1703 502 amittat

328 526 601 586 habitum,
649 531 1108 594 poenitentiaeqve
1156 530 1474 579 subiiciatur.
1579 537 1699 595 Cap.

332 620 415 666 43.
471 606 654 655 Nullus
706 607 984 673 Presbyter
1033 625 1128 675 pro
1195 609 1454 657 oblatione
1502 611 1698 659 Missae

334 689 732 735 conventionem
769 686 940 736 faciat.
1026 693 1141 751 Cap.
1176 704 1256 745 44.
1299 688 1481 736 Nullus
1521 689 1700 737 Eccle-

334 768 465 813 siam
504 783 710 826 emere,
747 778 832 814 aut
868 767 1095 814 vendere
1131 779 1455 832 praesumat;
1507 771 1546 815 si
1585 770 1700 832 qvis

332 845 620 895 Ecclesiam
659 844 978 894 vendiderit:
1029 845 1118 892 vel
1153 846 1516 912 Presbyterum
1551 863 1702 896 sunm

319 925 531 988 *absqve
570 924 720 989 culpa
755 926 1020 982 reiecerit‚
1078 923 1260 988 culpae
1296 927 1439 972 istius
1478 924 1700 984 delator,

331 1014 542 1071 partem
591 1004 823 1068 magistri
879 1002 1016 1051 illius
1065 1018 1125 1049 eo
1171 1018 1303 1050 anno
1352 1005 1586 1070 accipiat.
1639 1004 1700 1067 t)

1515 1088 1631 1146 cap.

442 1189 632 1235 annulo,
673 1185 828 1226 baculo
864 1188 1089 1239 pastorali
1122 1187 1374 1231 decoretur.
1431 1187 1544 1228 Vide
1574 1201 1699 1230 meas

441 1255 670 1297 Amoenit.
705 1253 926 1295 fasciculo
956 1257 1025 1298 IV.
1051 1269 1173 1302 num,
1204 1256 1238 1297 Ι.
1273 1254 1391 1313 §pho
1424 1269 1462 1298 ¹2.
1492 1255 1699 1298 Andreas

440 1335 551 1373 ver-o
583 1323 638 1363 II.
672 1323 717 1362 in
750 1321 944 1375 diplom.
990 1336 1109 1363 anno
1144 1337 1262 1377 1209.
1298 1324 1437 1371 dato,
1477 1324 1599 1376 qvod
1629 1323 1697 1365 le-

440 1391 566 1448 gitur
609 1404 680 1443 ap.
721 1399 1030 1433 memoratum
1073 1390 1149 1435 111.
1179 1388 1338 1431 Novak
1369 1391 1445 1432 cit.
1479 1403 1554 1443 op.
1587 1404 1693 1448 pag.

443 1469 537 1512 145.
577 1459 756 1500 indicat
785 1487 799 1506 ‚
848 1457 915 1500 ius
958 1456 1303 1500 pontificalium
1354 1458 1547 1499 subinde
1587 1458 1697 1500 solis

442 1526 686 1579 Regalibus
737 1527 941 1567 Abbatiss
993 1540 1018 1568 a
1068 1527 1194 1580 Papa
1237 1539 1502 1567 concessum
1543 1524 1696 1570 fuisse.

441 1595 571 1635 Unde
603 1595 777 1648 asseqvi
808 1594 921 1636 licet
961 1593 1311 1636 fundamentum
1355 1594 1695 1647 praeceptionis

444 1662 491 1702 in
523 1662 706 1717 Synodo
748 1661 911 1703 factae.
970 1663 1115 1705 Porro
1159 1663 1214 1703 de
1247 1662 1451 1704 Abbatiis
1483 1670 1530 1703 et
1559 1662 1698 1704 Prae-

444 1730 666 1784 posituris
698 1729 947 1785 Regalibus
970 1759 982 1778 ‚
1029 1729 1188 1786 legere
1222 1739 1351 1783 potes
1384 1743 1505 1771 meas
1535 1731 1699 1772 Amoe-

443 1798 610 1838 nitates
642 1798 746 1841 hist.
777 1797 901 1838 Eccl.
934 1798 985 1838 R.
1015 1799 1164 1854 Hung.
1206 1796 1425 1839 fasciculo
1466 1799 1538 1839 VI.
1570 1812 1695 1840 num.

440 1865 501 1909 ΙΙ.
560 1865 599 1919 t)
631 1869 701 1908 Ita
730 1865 906 1922 legitur
938 1879 1008 1918 ap.
1038 1866 1131 1909 RR.
1162 1865 1313 1921 Pray,
1345 1875 1390 1906 et
1420 1865 1601 1908 Koller.
1641 1868 1698 1908 At

442 1946 554 1974 vero
587 1948 657 1986 ap.
699 1931 965 1974 Peterffium
988 1962 1001 1982 ,
1045 1934 1092 1975 in
1133 1934 1288 1975 locum
1319 1934 1620 1989 Presbyteri,
1651 1938 1698 1975 li-

444 2002 525 2042 ber
555 2001 745 2058 legitur.
803 2001 961 2042 Stante
992 2002 1148 2054 priore
1172 2002 1371 2043 lectione
1394 2031 1407 2050 ‚
1439 2011 1598 2055 putem
1625 2015 1697 2045 ve·

447 2069 536 2110 tari
569 2069 677 2111 iuris
709 2077 979 2122 patronatus
1010 2070 1320 2111 venditionem
1340 2099 1352 2118 ,
1384 2080 1425 2113 et
1451 2070 1696 2126 Presbyte-

444 2137 485 2178 ri
508 2166 523 2186 ,
555 2138 628 2190 qvi
660 2137 891 2178 Ecclesiae
923 2147 1134 2190 praeest,
1180 2138 1347 2191 absqve
1379 2152 1515 2179 causa
1545 2138 1700 2192 repul-

446 2205 637 2246 sionem.
697 2206 867 2260 Qvodsi
899 2215 988 2246 stet
1016 2205 1158 2245 lectio
1190 2203 1471 2246 Peterffiana
1498 2234 1509 2252 ,
1553 2205 1698 2259 qvali-

444 2280 517 2312 ter
549 2272 625 2319 id,
657 2273 778 2325 qvod
809 2274 865 2313 de
896 2273 1017 2313 libro
1051 2273 1218 2313 dicitur
1243 2303 1257 2322 ,
1301 2286 1399 2315 cum
1431 2272 1700 2314 fundamen-¹

444 2348 494 2381 to
539 2340 857 2392 interpreter,
903 2354 991 2381 non
1036 2341 1235 2384 invenio.
1319 2340 1477 2380 Altera
1518 2354 1698 2394 qvoqve

443 2421 549 2462 pars
583 2408 1031 2455 constitutionis‚est
1061 2408 1270 2449 obscura.
1329 2408 1536 2450 Forsitan
1569 2408 1698 2449 dela-

444 2475 536 2517 tori
569 2476 689 2528 apud
716 2474 976 2530 legitimum
998 2476 1198 2517 iudicem
1229 2476 1412 2518 Patroni
1443 2475 1590 2524 illius,
1620 2474 1697 2529 qvi

447 2543 735 2585 sacerdotem
766 2542 871 2583 loco
902 2556 980 2583 suo
1012 2543 1179 2596 absqve
1210 2556 1343 2584 causa
1372 2543 1548 2593 movit,
1591 2555 1696 2596 pars

446 2611 746 2652 adiudicatur
776 2624 799 2650 e
830 2619 1059 2663 proventu
1088 2611 1298 2669 Magistri
1327 2610 1544 2662 scholae,
1571 2609 1700 2666 apud.

444 2677 576 2721 illam
606 2677 863 2723 Ecclesiam
893 2679 1147 2724 existentis.
