1779 3128
728 221 912 250 ·----
1403 223 1499 269 259

130 333 451 403 praescripto
490 332 537 381 S.
578 331 795 382 Concilii
835 330 1171 389 Tridentini,
1208 331 1288 393 m)
1327 333 1378 379 in
1416 348 1504 379 eos

136 417 406 462 autoritate
444 412 541 460 sibi
582 423 907 477 competente
945 411 1338 461 animadvertet.
1427 425 1505 460 12.

133 491 500 549 Valachorum,
540 509 626 538 seu
667 492 1036 539 Rascianorum
1073 492 1408 549 Sacerdotes,
1443 507 1504 538 ac

127 570 374 620 Monachi
406 574 532 618 ritus
563 570 902 629 Graecanici,
930 572 1174 634 qvoniam
1205 588 1321 618 cum
1352 585 1505 635 prae-

126 650 315 698 iudicio
362 650 481 698 fidei
528 649 876 708 orthodoxae,
931 666 987 697 ac
1036 650 1268 715 periculo
1306 652 1504 696 anima-

126 746 276 786 rum,
328 741 659 795 praesumunt
707 729 903 796 populo
959 729 1286 776 Dioecesano
1325 731 1504 775 matri-

123 812 289 856 monii
335 809 756 865 Sacramentum,
809 825 986 866 more,
1041 824 1099 856 ac
1150 810 1249 855 ritu
1287 825 1377 854 suo
1414 805 1505 854 ad-

124 892 425 937 minisrare:
476 889 820 936 monebuntur
864 905 958 955 per
1005 887 1122 935 RR.
1166 885 1504 934 Ordinarium

125 967 429 1015 eorumdem
466 967 813 1015 Ecclesiastici
850 968 1180 1032 Superiores:
1219 977 1372 1029 atqve
1408 982 1503 1033 per

121 1045 253 1094 nihil
287 1046 611 1113 proficiendo
633 1083 647 1104 ,
685 1047 1023 1111 Magistratus
1064 1062 1242 1092 eorum
1276 1045 1502 1092 saecula-

121 1143 236 1183 res,
288 1143 508 1188 qvorum
559 1143 713 1192 opera
754 1136 1107 1174 coerceantur.
1145 1125 1205 1186 n)
1298 1123 1497 1189 Qvibus

121 1209 191 1253 ita
229 1204 518 1263 conclusis,
575 1218 724 1271 prout
759 1205 843 1254 hic
881 1204 1055 1270 qvoad
1093 1221 1297 1251 sensum
1337 1204 1503 1252 relata

89 1295 272 1341 .sunt,
327 1299 385 1330 ac
420 1287 648 1332 unanimi
682 1287 1036 1350 praesentium
1073 1283 1343 1331 voluntate
1381 1301 1502 1349 per-

120 1363 304 1419 lectis,
355 1362 502 1410 datus
558 1375 632 1411 est
685 1364 893 1430 Synodo
951 1365 1099 1412 finis:
1151 1367 1277 1428 qvin
1325 1374 1503 1412 tamen

121 1441 486 1491 adsidentium=
509 1446 721 1491 nomina
758 1448 876 1493 sciri
914 1447 1128 1511 possint.

649 1572 699 1643 §.
772 1575 952 1628 cvm.

268 1701 415 1777 Syn.
461 1698 697 1777 Iaszov.
743 1717 843 1758 an.
885 1697 1346 1760 MDCXXXV:

255 1845 520 1895 Emericus
559 1847 732 1912 Losy,
784 1848 952 1905 cuius,
999 1848 1143 1897 velut
1179 1849 1499 1917 Strigonien-

119 1926 187 1976 sis
237 1925 627 1991 Archiepiscopi
654 1962 668 1983 ,
723 1942 814 1973 suo
851 1926 968 1974 loco
1021 1932 1337 1978 mentionem
1374 1931 1496 1993 feci,

121 2001 216 2071 (§.
252 2005 488 2066 XXIV.)
527 2022 642 2052 cum
679 2016 864 2065 antea,
903 2022 995 2054 ceu
1027 2007 1237 2056 Praesul
1275 2011 1495 2076 Agrien-

119 2089 221 2143 sis,
255 2096 471 2151 propter
508 2095 815 2149 occupatam
853 2100 881 2132 a
918 2083 1103 2134 Turcis
1139 2087 1373 2154 Agriani,
1412 2106 1494 2139 se-

115 2175 223 2212 met
275 2167 559 2229 recepisset
607 2179 720 2211 cum
773 2162 1012 2232 Capitulo
1061 2183 1152 2214 suo
1194 2167 1493 2219 Cathedrali

117 2243 396 2293 Iaszoviam
415 2279 430 2301 ,
475 2241 612 2306 qvod
638 2254 714 2291 est
747 2242 999 2309 oppidum
1029 2245 1332 2323 Provinciae
1352 2249 1494 2297 Aba·

781 2323 829 2371 R
868 2339 894 2372 2
1266 2327 1424 2390 Ujva-

172 2453 241 2510 m)
271 2455 383 2495 Vide
414 2467 565 2496 meum
597 2456 670 2497 Ius
702 2455 829 2509 publ.
862 2455 989 2497 Eccl.
1021 2454 1171 2515 Hung.
1207 2456 1247 2516 ς.
1280 2473 1375 2511 272.
1435 2461 1488 2513 n)

228 2525 295 2566 De
326 2521 410 2565 hac
441 2524 659 2573 natione,
691 2534 910 2578 qvatenus
943 2526 986 2565 in
1021 2527 1228 2579 partibus
1257 2526 1493 2573 Sclavoni-

230 2591 292 2631 cis
324 2591 528 2641 residet,
567 2593 824 2646 peculiaria
865 2595 1049 2634 notavit
1094 2595 1186 2636 ΒΗ.
1222 2581 1491 2640 ΙῖετοςεΙὶοῐι

230 2658 276 2698 in
317 2659 493 2699 notitiis
536 2662 940 2713 praeliminaribus
968 2691 981 2711 ‚
1024 2663 1080 2704 de
1122 2665 1290 2721 Regnis
1337 2666 1489 2708 Dalm.

233 2726 389 2770 Croat.
422 2727 631 2773 Selavon.
668 2731 864 2786 periodo
896 2732 965 2774 IV.
988 2729 1027 2789 §.
1060 2745 1099 2787 5.
1122 2747 1226 2790 pag.
1246 2745 1340 2788 433.
1361 2748 1490 2789 seqq.
