1779 3128
14 147 19 333 i

149 362 229 402 tor
259 363 357 398 non
395 341 558 394 multo
594 355 741 412 post,
795 349 847 393 in
884 344 1114 393 Ecclesia
1150 340 1521 408 Metropolita-

146 447 240 488 na,
294 439 343 475 et
382 420 709 493 praepositus
764 423 827 473 de
859 425 1012 473 viridi
1050 441 1233 490 campo
1272 423 1521 488 Strigoni¹⁶

144 511 252 558 ensi
299 507 475 555 fiebat.
560 506 712 554 Anno
769 505 911 560 1644.
965 504 1046 553 die
1100 506 1280 568 qvinta
1328 504 1520 551 mensis

140 590 392 654 Augusti,
432 584 1054 652 Qxssiliqve-Ecclesiaruiii
1105 583 1316 631 Praesul
1353 585 1519 630 nomi-

141 678 321 724 natus,
363 664 547 714 eodem
586 681 716 712 anno
744 664 1174 730 Vesprimie11s13‚
1213 674 1263 711 et
1296 680 1520 727 seqven-

139 757 192 795 te
246 745 595 794 Cancellarius
643 744 807 792 Aulae
854 743 1048 809 Regiae
1102 742 1276 792 fiebat.
1376 740 1521 790 Tum

142 842 281 874 anno
325 826 466 881 1648.
507 823 780 872 Nitriensis
829 823 1116 889 Episcopus
1143 859 1158 881 ‚
1206 832 1519 886 retentaqve

139 905 293 955 huius
335 886 595 954 Ecclesiae
644 903 846 962 infula,
897 902 1195 952 Colocensis
1244 900 1522 968 Archiepi-

142 1001 362 1049 scopus,
401 1000 533 1032 anno
567 984 707 1043 1657.
745 983 932 1042 fiebat,
968 995 1102 1031 anno
1131 983 1344 1030 demum
1377 982 1522 1031 1666.

146 1065 311 1112 altero
361 1064 557 1112 scilicet
605 1073 721 1129 post
773 1062 971 1110 obitum
1034 1061 1250 1128 Georgii
1309 1062 1522 1128 Lippay

144 1161 312 1202 anno,
367 1143 727 1209 Strigoniensis
775 1158 804 1189 a
850 1139 1123 1207 Leopoldo
1174 1141 1318 1207 Rege
1353 1144 1520 1190 nomi>-

97 1230 104 1233 ”
141 1234 309 1272 natus.
401 1223 517 1287 Qvo
568 1222 738 1278 facto,
778 1220 1031 1268 honorem
1074 1219 1383 1287 Cancellarii
1416 1221 1521 1268 Aua

142 1302 231 1349 lici
269 1301 478 1365 reliqvit
524 1299 796 1347 Francisco
836 1298 1074 1365 Szegedy
1120 1300 1380 1366 Episcopo
1416 1297 1522 1347 Va-

141 1383 333 1439 ciensi‚
371 1390 580 1446 praeter
629 1390 834 1427 veteres
888 1390 1117 1427 attamen
1153 1378 1521 1446 Archiepisco-¹

138 1462 196 1526 pi
234 1459 448 1519 titulos,
487 1459 711 1507 obtinuit
750 1456 1000 1506 honorem
1049 1459 1223 1506 Intimi
1263 1457 1522 1506 Consilia-

138 1541 237 1597 rii,
289 1555 421 1586 anno
460 1549 709 1603 seqvente
742 1575 756 1597 ‚
813 1538 1007 1604 Regius
1056 1555 1151 1604 per
1199 1539 1521 1604 Hungariam

139 1617 522 1667 Locumtenens
571 1608 882 1667 nominatus.
968 1617 1153 1682 Neqve
1207 1629 1383 1666 tamen
1422 1618 1522 1666 fuit

139 1700 213 1746 sic
250 1697 492 1763 abreptus
546 1696 724 1745 mundi
766 1696 1080 1757 honoribus,
1134 1707 1190 1746 ut
1227 1714 1332 1747 non
1368 1715 1522 1764 prae-

140 1779 351 1842 cipuam
380 1777 598 1825 Sanctae
630 1776 920 1843 Religionis
959 1794 1134 1826 curam
1158 1777 1403 1839 haberet3
1434 1795 1522 1826 cu·
1556 1765 1564 1775 ⁵

136 1858 217 1904 ius
267 1867 546 1921 postqvam
594 1856 821 1922 plurima
871 1855 1119 1906 edidisset
1172 1857 1519 1906 documenta:

136 1937 339 1984 veritus
405 1938 656 1984 maiorem
724 1939 1016 1985 animorum
1074 1937 1519 2002 inqvietudinem‚

142 2015 376 2079 alioqvin
412 2015 477 2063 ob
517 2014 731 2063 dissidia
767 2020 818 2065 in
856 2017 1142 2084 Religionis
1180 2020 1390 2083 negotio
1427 2015 1520 2065 do-

137 2097 211 2142 mi
246 2105 449 2143 nostrae
487 2095 778 2154 ferventia,
816 2113 1023 2162 prorsus
1050 2097 1360 2145 notabilem:
1400 2114 1519 2146 cum

137 2173 419 2222 nonnullae
458 2174 597 2223 Cleri
652 2174 912 2223 Gallicani
965 2179 1346 2242 propositiones
1384 2192 1521 2224 anno

146 2253 287 2306 1682.
336 2254 671 2319 publicatae,
724 2253 866 2320 apud
911 2271 1002 2303 nos
1056 2259 1214 2304 etiam
1270 2259 1520 2304 innotuis·

139 2344 253 2380 sent
276 2370 292 2392 ‚
329 2336 496 2400 coegit
534 2333 865 2383 Nationalem
903 2334 1168 2401 Synodum
1206 2333 1518 2393 Tirnaviae‚

141 2408 226 2457 die
266 2425 343 2469 23.
384 2412 654 2473 Octobris,
691 2413 925 2462 eiusdem
962 2417 1100 2466 anni.
1174 2414 1330 2463 Cuius
1367 2416 1518 2475 Acta,

140 2486 313 2536 lucem
348 2488 596 2541 hactenus
634 2493 898 2559 publicam
948 2510 1051 2542 non
1099 2493 1379 2543 viderunt:
1430 2496 1519 2542 Se—

143 2578 304 2629 qvuta
350 2586 475 2617 vero
530 2570 671 2620 Cleri
716 2574 999 2640 Hungarici
1049 2575 1392 2641 proclamatio
1447 2575 1521 2623 sic

141 2644 208 2693 ad
245 2646 463 2697 verbum
497 2648 676 2700 habet:

788 2729 836 2777 G
875 2747 900 2777 2
1219 2729 1268 2801 §.
1306 2730 1445 2781 XLI,
