1779 3128
244 167 309 216 84
837 161 1022 194 ‘²²⁸³'-

244 284 482 333 iestatem
533 293 807 337 recursus,
860 294 925 326 ne
986 275 1217 326 titulares
1265 274 1620 342 Episcopatus,

247 360 433 407 exteris
483 357 830 408 conferantur.
910 371 959 416 3.
1001 357 1342 405 Renovantur
1380 357 1621 403 constitu-

244 440 413 486 tiones
467 434 752 502 Synodales
783 473 800 496 ‚
865 435 929 484 de
984 436 1272 485 Canonicax
1303 437 1621 484 institutione

240 533 334 584 per
371 532 457 563 eos
495 515 806 574 obtinenda,
843 518 931 580 qvi
970 515 1260 574 Abbatias.
1299 515 1621 581 Praepositu-

242 611 358 653 ras,
394 593 480 642 vel
517 592 884 643 Canonicatum
923 606 1034 643 sunt
1062 598 1385 658 conseqvuti.
1455 609 1500 649 4.
1537 594 1622 640 In·-

245 690 461 740 capaces
484 672 881 733 Beneficiorum,
916 675 1173 740 imprimis
1206 673 1474 738 Religiosi,
1498 689 1622 719 non-

245 753 371 802 dum
408 751 616 801 obtenta
665 752 1048 818 dispensatione
1086 752 1316 799 Romana
1340 788 1354 810 ,
1404 754 1457 798 in
1494 750 1624 799 haec

245 842 413 880 semet
446 847 548 879 non
585 833 837 896 ingerant.
909 831 1006 878 Sua
1044 832 1292 878 Maiestas
1336 840 1506 877 autem
1543 846 1623 878 ro-

240 910 444 976 ganda,
492 920 545 956 ut
596 909 734 975 apud
783 909 1092 957 Pontificem
1123 945 1139 967 ,
1191 919 1241 956 et
1294 907 1625 956 Cardinalem

242 989 629 1046 Protectorem‚
678 988 1054 1054 Episcoporum
1101 987 1230 1036 velit
1281 1003 1463 1053 urgere
1503 1003 1626 1034 con-

244 1068 614 1114 firmationem.
708 1081 756 1126 5.
816 1067 1156 1133 Imposterum
1206 1067 1417 1132 singulis
1468 1083 1669 1114 unum*

242 1144 488 1193 duntaxat
523 1143 854 1211 Beneficium.
882 1147 1197 1195 conferatur.
1269 1146 1314 1194 6.
1355 1146 1623 1194 Monaste-

241 1227 317 1272 ria
350 1261 365 1282 ‚
418 1218 813 1290 diffugientibus
871 1224 1148 1291 Religiosis
1179 1261 1194 1283 ‚
1261 1242 1354 1292 per
1415 1224 1622 1273 Clerum

243 1303 561 1352 saecularem
612 1315 952 1362 conservata,
999 1321 1063 1352 ne
1111 1304 1270 1352 iidem
1318 1321 1410 1371 pro
1460 1303 1624 1354 lubitu
1756 1318 1757 1359 t

244 1384 441 1449 possint
480 1398 754 1449 usurpare,
806 1383 1067 1431 Maiestati
1092 1383 1307 1449 >Regiae
1347 1383 1622 1449 supplicari
1756 1378 1758 1458 i

246 1459 421 1510 debet.
493 1476 541 1522 7.
581 1462 683 1527 Qvi
720 1460 987 1509 Beneficia
1035 1479 1125 1510 sua
1163 1466 1214 1511 in
1265 1462 1427 1519 alios,
1478 1472 1625 1509 auto-

242 1542 393 1587 ritate
432 1542 640 1606 propria
689 1540 1043 1600 transferunt,
1092 1553 1369 1607 proventus
1420 1540 1625 1588 illorum

241 1617 339 1665 sibi
386 1621 667 1667 retinentes
695 1656 710 1679 ‚
759 1623 988 1685 graviter
1036 1631 1151 1668 sunt
1201 1619 1468 1686 puniendi.
1573 1625 1619 1672 8.

243 1696 329 1745 Ad
368 1698 609 1746 evitanda
640 1701 821 1764 gravia
854 1700 1217 1759 incommoda,
1254 1701 1503 1748 Maiestas
1540 1715 1623 1746 ro-

244 1774 414 1841 ganda
453 1788 527 1825 est
554 1814 569 1836 ‚
624 1789 675 1825 ut
715 1781 763 1827 iu
817 1779 1180 1827 mutationibus
1231 1779 1622 1844 Episcoporum‚

247 1855 559 1904 clementem
609 1855 852 1905 adhibere
905 1857 1141 1924 dignetur
1194 1857 1623 1908 moderationem.

250 1949 298 1996 9.
334 1934 676 1984 Nominatum
723 1936 785 1984 ab
834 1936 1091 2003 Episcopo
1131 1937 1482 1991 Canonicum,
1534 1935 1624 1982 de·-

247 2014 338 2061 bet
368 2013 669 2079 Capitulum
708 2027 998 2081 acceptare.
1070 2016 1242 2063 Sciens
1280 2015 1621 2079 impedimen-

248 2104 390 2152 tum,
427 2092 689 2159 Episcopo
727 2093 876 2153 illud,
913 2094 999 2142 vel
1035 2094 1444 2159 Metropolitano
1482 2093 1624 2141 dete-

249 2182 351 2235 gat.
429 2187 504 2221 10.
541 2172 687 2220 Bona
727 2173 981 2236 qvaedam
1021 2172 1237 2221 mobilia
1274 2171 1368 2219 ΡΡ.
1394 2172 1625 2219 Francis·

251 2266 498 2297 canorum
546 2268 639 2315 per
685 2252 999 2318 Episcopum
1049 2253 1396 2299 laurinensem
1443 2250 1625 2299 diven-

251 2326 391 2385 dita,
432 2334 734 2392 qvantocius
775 2349 868 2398 per
909 2332 1129 2380 eundem
1170 2341 1559 2396 recuperentur.

1251 2660 1557 2730 §.XXXV.

835 2873 1779 3128 ‚E——A
