1779 3128
269 195 332 244 82
859 177 1045 213 3-3

265 313 371 368 tio,
413 319 463 357 et
500 307 750 357 correctio
787 305 1040 357 adhiberi.
1109 323 1158 371 9.
1197 306 1520 373 Aegrorum,
1551 321 1639 355 ca-

264 392 563 457 ptivorum,
601 387 1092 446 daemoniacorum,
1131 398 1181 436 et
1212 389 1510 452 qvorumvis
1543 389 1642 433 mi-

266 457 533 527 seiorum,
581 467 897 532 corporalis,
950 483 1008 515 ac
1057 466 1337 533 spiritualis
1389 481 1510 514 cura
1548 464 1639 512 ha-

265 544 463 595 benda.
549 559 620 594 lo.
674 546 991 595 Enarrantur
1027 547 1171 605 loca,
1211 563 1340 611 qvae
1379 546 1535 594 debet
1575 543 1640 592 E,

268 628 512 693 piscopus
549 627 776 674 visitare.
813 648 816 651 ·
867 641 940 675 11.
996 626 1310 673 Enarrantur
1349 641 1428 673 res
1465 627 1644 671 visita„

269 706 400 752 tioni
440 704 713 752 obnoxiae.
791 719 864 753 12.
902 702 1135 770 Tempus
1184 703 1514 770 peragendae
1565 705 1645 749 vi-

270 785 560 840 sitationis,
593 787 722 832 ratio
760 786 1076 833 necessitatis
1114 782 1346 831 definiat.
1431 783 1645 848 Episco-

271 878 342 927 po
390 860 675 928 impedito,
725 861 1133 910 Archidiaconus
1181 863 1373 910 visitet.
1460 876 1534 920 13.
1588 863 1645 908 In

271 941 508 1007 partibus
545 940 751 988 'I‘urcae
789 942 1065 999 subiectis,
1106 940 1434 1006 peragendae
1469 942 1647 987 visita-

273 1022 430 1068 tionis
476 1018 707 1066 officium
763 1023 1118 1067 committatur
1165 1008 1539 1067 Sacerdotibus
1577 1018 1648 1066 ibi

274 1098 437 1146 libere
473 1098 776 1162 agentibus,
815 1100 905 1162 qvi
942 1097 1247 1145 relationem
1284 1095 1348 1144 de
1384 1099 1649 1162 corrigen-

282 1174 360 1223 dis
396 1186 675 1241 praestent.
753 1191 826 1233 14.
864 1175 1258 1233 Archidiaconi,
1308 1178 1449 1224 iuxta
1484 1175 1653 1241 Syno-

279 1253 331 1302 di
376 1255 515 1312 1633.
563 1254 853 1303 celebratae
891 1255 1187 1313 decretum,
1237 1254 1328 1302 sub
1375 1256 1648 1319 amissione

277 1332 702 1394 Beneficiorum,
762 1334 1022 1383 districtus
1078 1350 1194 1382 suos
1243 1336 1519 1397 qvotannis
1571 1335 1651 1381 vi-

279 1415 456 1462 sitent.

805 1540 856 1613 §.
925 1545 1148 1596 ΧΧΧΠ.

288 1665 429 1743 Cap.
487 1667 633 1726 VII.
680 1668 774 1726 De
808 1666 1088 1725 examine
1112 1687 1230 1742 pro
1271 1684 1424 1724 cura
1452 1666 1654 1724 Am'm.

425 1814 621 1881 Capitis
669 1818 876 1880 septimi
923 1831 1063 1864 num.
1114 1827 1156 1862 1.
1206 1815 1425 1862 formam
1469 1828 1661 1880 propo-

286 1896 365 1942 nit
403 1894 731 1942 examinandi
768 1912 863 1961 pro
905 1911 1025 1943 cura
1062 1893 1382 1942 Animarum.
1455 1909 1498 1941 2.
1536 1893 1658 1940 Pro-

287 1971 613 2031 movendus,
662 1973 838 2021 literas
882 1975 1192 2039 provisionis
1246 1972 1309 2020 ab
1365 1972 1660 2029 Ordinario,

288 2051 375 2099 vel
413 2054 520 2099 eius
557 2051 763 2100 Vicario
801 2051 1007 2102 habeat.
1079 2050 1227 2099 Fidei
1264 2050 1660 2117 professionem,

290 2147 320 2178 a
357 2131 445 2178 Pio
483 2130 566 2178 IV.
605 2134 977 2196 praescriptam
1001 2168 1015 2189 ,
1042 2154 1046 2157 ·
1070 2143 1120 2180 et
1160 2135 1539 2187 iuramentum,
1578 2145 1663 2175 co-

287 2225 399 2257 ram
436 2209 683 2256 alterutro
723 2210 912 2259 eliciat.
985 2209 1067 2258 Ad
1102 2209 1294 2257 realem
1330 2225 1455 2255 vero
1493 2208 1663 2254 Bene-

297 2290 400 2335 ficii
434 2291 845 2353 possessionem,
888 2288 951 2338 ab
992 2288 1402 2344 Archidiacono,
1438 2286 1524 2334 vel
1562 2286 1664 2333 alio

294 2366 443 2413 huius
484 2368 532 2411 in
578 2366 746 2414 locum
772 2404 784 2424 ,
835 2367 1023 2416 idoneo
1062 2367 1426 2416 Ecclesiastico
1475 2368 1667 2413 immit-

297 2455 449 2493 tatur.
536 2458 582 2502 3.
638 2445 887 2509 Roganda
942 2450 1040 2494 erit
1075 2447 1122 2494 S.
1162 2445 1541 2510 Congregafflo,
1593 2454 1668 2501 ut,

295 2538 413 2570 cum
465 2522 736 2570 facultates
776 2524 1117 2572 Missionariis
1155 2526 1494 2583 concesserit,
1544 2538 1668 2570 con-

297 2600 550 2649 ditionem
588 2598 841 2666 adponat,
881 2619 945 2650 ne
979 2601 1093 2664 his,
1132 2604 1323 2668 absqve
1369 2601 1669 2651 Ordinatio-

1485 2696 1599 2727 rum
