1811 3128
671 191 856 210 *⁸¹⁸¹-
1393 193 1444 229 11

87 318 183 360 tur.
249 285 522 362 Infamati',
556 318 763 369 prorsus
799 289 1083 361 discedant,
1113 304 1311 352 nonnisi
1341 319 1457 350 cum

83 386 330 439 Formatis
357 383 632 430 reversuri.
709 388 824 444 Cap.
860 397 936 428 22.
979 382 1282 448 Episcopus,
1309 382 1454 429 Pres-

48 465 261 532 1byter,
298 462 384 510 vel
420 461 629 523 Abbas,
668 461 887 508 Missam
925 460 1189 509 celebrare
1230 470 1330 508 non
1370 477 1457 508 au·

80 546 143 592 sit
180 553 360 591 contra
398 540 719 588 voluntatem
747 539 1062 606 Presbyteri,
1105 538 1338 597 parochi,
1362 549 1451 587 aut

79 623 356 688 superioris
394 620 529 691 illius
566 619 700 677 loci,
736 619 823 676 ¹vel
858 618 1138 666 Ecclesiae.
1179 619 1237 680 f)
1330 624 1446 681 Cap.

76 714 156 759 23.
196 699 485 749 Ordinatus'
511 696 576 746 ad
622 697 832 759 ¹titulum
859 734 872 756 ,
921 696 1006 744 vel
1038 698 1300 763 professus
1322 734 1336 755 ‚
1390 690 1454 745 n'e

76 795 221 827 secus
256 781 494 845 privetur
530 777 744 837 ordine,
791 775 878 823 vel
917 774 1148 834 honore,
1188 792 1344 839 qvam
1384 775 1448 824 de

56 860 230 906 'certis
270 856 588 913 criminibus,
613 874 705 923 per
733 853 981 903 iudicium
1006 858 1309 903 canonicum
1336 855 1452 903 fue·

73 939 142 986 rit
188 939 469 985 convictus.
557 935 740 1000 Neqve
792 932 1021 982 discedat
1060 937 1201 1001 ipse,
1246 937 1344 983 nisi
1383 933 1450 983 ad

73 1018 326 1064 ‚maiorem
360 1013 747 1081 promovendus
788 1011 1034 1079 gradum,
1081 1025 1129 1062 et
1170 1031 1286 1062 cum
1323 1015 1447 1082 Epi-

74 1097 219 1160 scopi
258 1096 333 1141 sui
386 1111 651 1142 consensu.
740 1098 855 1156 Cap.
890 1091 974 1146 24.
1025 1092 1075 1140 Si
1115 1096 1227 1157 qvis
1265 1111 1316 1142 se
1354 1111 1446 1162 op-

73 1189 309 1240 pressum
348 1175 644 1229 existimat,
690 1172 892 1220 licitum
930 1174 975 1220 ei
1030 1174 1094 1220 sit
1131 1170 1196 1220 ad
1234 1172 1448 1239 Episco-

73 1250 196 1318 pale
235 1250 526 1298 Concilium
575 1250 856 1316 adpellare.
947 1256 1063 1314 Cap.
1117 1267 1194 1310 25.
1248 1252 1295 1298 Si
1336 1256 1450 1316 qvis

75 1328 305 1377 Clericus
341 1329 429 1377 vel
476 1329 652 1377 Abbas
680 1365 695 1387 ,
747 1332 799 1376 in
849 1332 1010 1377 causis
1047 1330 1449 1390 Ecclesiasticis,

26 1454 29 1457 .
71 1408 254 1456 relicto
290 1408 589 1475 Episcopali
637 1407 857 1466 iudicio,
908 1409 1162 1475 Regalem
1215 1408 1445 1460 adiverit

73 1486 318 1544 Curiam,
356 1499 442 1536 aut
478 1487 740 1536 saeculare
775 1488 1058 1547 iudicium,
1098 1487 1285 1556 perdat
1324 1506 1443 1536 cau-

73 1584 216 1625 sam,
251 1579 337 1615 aut
376 1571 753 1634 poenitentiam
788 1579 921 1634 agat.
1013 1574 1130 1632 Cap.
1182 1569 1260 1618 26.
1301 1568 1442 1617 Ordo

74 1646 238 1694 dixini
278 1647 438 1695 officii
477 1659 526 1695 et
560 1650 901 1716 ieiuniorum,
939 1650 1079 1696 iuxta
1114 1647 1350 1696 libellum
1388 1651 1440 1696 in

71 1725 282 1792 Synodo
318 1715 704 1786 collaudatum,
758 1728 822 1775 ab
876 1727 1113 1775 omnibus
1150 1738 1225 1775 est
1262 1738 1442 1775 tenen-

71 1807 181 1854 dus.
220 1805 278 1870 g)
359 1811 474 1868 Cap.
516 1821 594 1866 27.
634 1806 812 1856 Victus
851 1807 1231 1856 Canonicorum
1270 1823 1328 1855 ac
1365 1809 1444 1854 vi-

72 1896 156 1944 ta,
207 1888 436 1952 ipsorum
484 1886 696 1952 regulae
743 1903 838 1952 per
873 1887 1191 1953 Episcopum
1223 1887 1453 1934 ‘confor-

70 1976 256 2014 metur.
346 1971 462 2028 Cap.
502 1971 579 2016 23.
617 1966 667 2012 Si
707 1969 820 2030 qvis
869 1965 1132 2032 hospitum
1163 2003 1179 2024 ,
1231 1968 1445 2023 civium,

71 2044 157 2091 vel
177 2045 639 2111 patrumfamilias,
671 2048 947 2094 canonicae
973 2044 1181 2111 regulae
1206 2061 1258 2093 se
1285 2061 1451 2111 spon·

1326 2135 1377 2172 te

123 2225 171 2285 f)
202 2226 271 2269 Ita
309 2227 492 2281 plenius
535 2243 802 2283 expressum
843 2244 914 2284 ap.
959 2228 1190 2279 Peterffi,
1222 2238 1268 2271 et
1298 2230 1443 2287 Pray,

180 2309 312 2350 qvam
346 2311 415 2350 ap.
449 2297 542 2337 RR.
576 2298 754 2341 Koller.
813 2299 866 2356 g)
897 2299 1117 2356 Intellige
1148 2297 1221 2339 hic
1257 2299 1435 2340 indicu-

177 2364 273 2406 lum
293 2394 306 2413 ‚
338 2366 411 2418 qvi
436 2365 575 2407 hodie
600 2367 846 2408 Directorii
873 2368 1057 2408 nomine
1088 2367 1238 2421 venit,
1271 2367 1318 2407 in
1349 2380 1440 2421 qvo

176 2433 416 2475 missarum
442 2464 457 2483 ,
499 2444 545 2475 et
589 2444 852 2476 ceterorum
878 2465 892 2485 ,
933 2436 978 2477 in
1020 2436 1175 2490 qvavis
1198 2465 1201 2467 -
1223 2435 1438 2478 Dioecesi

176 2499 362 2542 Rituum
394 2516 629 2544 sacrorum
660 2503 900 2545 methodus
933 2513 1003 2545 est
1033 2504 1270 2547 adnotata.
1332 2503 1431 2560 Ego

177 2567 396 2610 hactenus
435 2583 527 2611 non
567 2571 662 2628 legi
704 2573 934 2627 antiqvius
979 2571 1096 2621 illo,
1143 2572 1265 2626 qyod
1311 2585 1431 2613 anno

182 2646 303 2691 1580.
334 2637 578 2683 Titnaviae
607 2640 656 2683 in
686 2641 876 2685 aedibus
907 2640 1205 2700 Telegdianis
1235 2639 1322 2683 fuit
1353 2641 1435 2681 im·

182 2717 404 2760 pressum.
