<?xml version="1.0" encoding="UTF-8"?>
<!DOCTYPE html PUBLIC "-//W3C//DTD XHTML 1.0 Transitional//EN"
    "http://www.w3.org/TR/xhtml1/DTD/xhtml1-transitional.dtd">
<html xmlns="http://www.w3.org/1999/xhtml" xml:lang="en" lang="en">
 <head>
  <title>
</title>
<meta http-equiv="Content-Type" content="text/html;charset=utf-8" />
  <meta name='ocr-system' content='tesseract 3.04.00' />
  <meta name='ocr-capabilities' content='ocr_page ocr_carea ocr_par ocr_line ocrx_word'/>
</head>
<body>
  <div class='ocr_page' id='page_1' title='image "./synopsiscriticoh00szvouoft_0170.png"; bbox 0 0 1779 3128; ppageno 0'>
   <div class='ocr_carea' id='block_1_1' title="bbox 329 205 1094 261">
    <p class='ocr_par' dir='ltr' id='par_1_1' title="bbox 329 205 1094 261">
     <span class='ocr_line' id='line_1_1' title="bbox 329 205 1094 261; baseline 0.001 -11"><span class='ocrx_word' id='word_1_1' title='bbox 329 213 425 261; x_wconf 76' lang='lat'>152</span> <span class='ocrx_word' id='word_1_2' title='bbox 908 205 1094 240; x_wconf 55' lang='lat'>22¹¹-</span> 
     </span>
    </p>
   </div>
   <div class='ocr_carea' id='block_1_2' title="bbox 314 316 1692 860">
    <p class='ocr_par' dir='ltr' id='par_1_2' title="bbox 314 316 1692 860">
     <span class='ocr_line' id='line_1_2' title="bbox 324 316 1692 388; baseline 0 -18"><span class='ocrx_word' id='word_1_3' title='bbox 324 321 585 370; x_wconf 80' lang='lat' dir='ltr'>Ecclesiae</span> <span class='ocrx_word' id='word_1_4' title='bbox 620 317 678 368; x_wconf 82' lang='lat' dir='ltr'>B.</span> <span class='ocrx_word' id='word_1_5' title='bbox 720 316 928 386; x_wconf 78' lang='lat' dir='ltr'>Georgii</span> <span class='ocrx_word' id='word_1_6' title='bbox 966 321 1246 388; x_wconf 75' lang='lat' dir='ltr'>MartyriS,</span> <span class='ocrx_word' id='word_1_7' title='bbox 1284 331 1333 369; x_wconf 85' lang='lat' dir='ltr'>et</span> <span class='ocrx_word' id='word_1_8' title='bbox 1371 321 1477 369; x_wconf 88' lang='lat' dir='ltr'>eius</span> <span class='ocrx_word' id='word_1_9' title='bbox 1515 319 1692 370; x_wconf 79' lang='lat' dir='ltr'>Cano--</span> 
     </span>
     <span class='ocr_line' id='line_1_3' title="bbox 321 397 1683 466; baseline 0.001 -19"><span class='ocrx_word' id='word_1_10' title='bbox 321 402 448 448; x_wconf 86' lang='lat' dir='ltr'>nicis</span> <span class='ocrx_word' id='word_1_11' title='bbox 486 399 652 459; x_wconf 77' lang='lat' dir='ltr'>facta,</span> <span class='ocrx_word' id='word_1_12' title='bbox 691 397 1080 448; x_wconf 86' lang='lat' dir='ltr'>diminutionem</span> <span class='ocrx_word' id='word_1_13' title='bbox 1116 403 1371 466; x_wconf 83' lang='lat' dir='ltr'>patiatur,</span> <span class='ocrx_word' id='word_1_14' title='bbox 1418 411 1580 448; x_wconf 87' lang='lat' dir='ltr'>semet</span> <span class='ocrx_word' id='word_1_15' title='bbox 1617 399 1683 448; x_wconf 82' lang='lat' dir='ltr'>de</span> 
     </span>
     <span class='ocr_line' id='line_1_4' title="bbox 324 478 1683 545; baseline 0.001 -20"><span class='ocrx_word' id='word_1_16' title='bbox 324 489 441 526; x_wconf 90' lang='lat' dir='ltr'>octo</span> <span class='ocrx_word' id='word_1_17' title='bbox 477 480 660 526; x_wconf 83' lang='lat' dir='ltr'>marcis</span> <span class='ocrx_word' id='word_1_18' title='bbox 698 478 820 527; x_wconf 85' lang='lat' dir='ltr'>duas</span> <span class='ocrx_word' id='word_1_19' title='bbox 856 494 1052 526; x_wconf 80' lang='lat' dir='ltr'>marcas</span> <span class='ocrx_word' id='word_1_20' title='bbox 1075 515 1089 536; x_wconf 82' lang='lat'>,</span> <span class='ocrx_word' id='word_1_21' title='bbox 1128 479 1477 545; x_wconf 83' lang='lat' dir='ltr'>computando</span> <span class='ocrx_word' id='word_1_22' title='bbox 1512 483 1683 545; x_wconf 82' lang='lat' dir='ltr'>singu-</span> 
     </span>
     <span class='ocr_line' id='line_1_5' title="bbox 321 555 1682 623; baseline 0.001 -19"><span class='ocrx_word' id='word_1_23' title='bbox 321 555 426 604; x_wconf 88' lang='lat' dir='ltr'>lam</span> <span class='ocrx_word' id='word_1_24' title='bbox 473 573 570 623; x_wconf 83' lang='lat' dir='ltr'>pro</span> <span class='ocrx_word' id='word_1_25' title='bbox 621 558 996 623; x_wconf 83' lang='lat' dir='ltr'>qvinqvaginta</span> <span class='ocrx_word' id='word_1_26' title='bbox 1042 559 1258 623; x_wconf 82' lang='lat' dir='ltr'>grossis,</span> <span class='ocrx_word' id='word_1_27' title='bbox 1316 560 1497 622; x_wconf 87' lang='lat' dir='ltr'>qvovis</span> <span class='ocrx_word' id='word_1_28' title='bbox 1549 574 1682 605; x_wconf 85' lang='lat' dir='ltr'>anno</span> 
     </span>
     <span class='ocr_line' id='line_1_6' title="bbox 322 634 1682 702; baseline 0.003 -21"><span class='ocrx_word' id='word_1_29' title='bbox 322 637 373 681; x_wconf 88' lang='lat' dir='ltr'>in</span> <span class='ocrx_word' id='word_1_30' title='bbox 413 645 602 683; x_wconf 81' lang='lat' dir='ltr'>octava</span> <span class='ocrx_word' id='word_1_31' title='bbox 637 635 696 686; x_wconf 90' lang='grc' dir='ltr'>Β.</span> <span class='ocrx_word' id='word_1_32' title='bbox 720 634 953 683; x_wconf 80' lang='lat' dir='ltr'>Andreae</span> <span class='ocrx_word' id='word_1_33' title='bbox 977 635 1242 701; x_wconf 79' lang='lat' dir='ltr'>Apostoli,</span> <span class='ocrx_word' id='word_1_34' title='bbox 1283 636 1562 702; x_wconf 69' lang='lat' dir='ltr'>praedictis</span> <span class='ocrx_word' id='word_1_35' title='bbox 1586 636 1682 685; x_wconf 85' lang='lat' dir='ltr'>Ca-</span> 
     </span>
     <span class='ocr_line' id='line_1_7' title="bbox 318 713 1684 780; baseline 0.001 -19"><span class='ocrx_word' id='word_1_36' title='bbox 318 716 516 762; x_wconf 84' lang='lat' dir='ltr'>nonicis</span> <span class='ocrx_word' id='word_1_37' title='bbox 561 713 787 780; x_wconf 87' lang='lat' dir='ltr'>persolvi</span> <span class='ocrx_word' id='word_1_38' title='bbox 837 723 1135 763; x_wconf 81' lang='lat' dir='ltr'>curaturum</span> <span class='ocrx_word' id='word_1_39' title='bbox 1183 731 1308 763; x_wconf 87' lang='lat' dir='ltr'>esse.</span> <span class='ocrx_word' id='word_1_40' title='bbox 1347 713 1408 778; x_wconf 91' lang='lat' dir='ltr'>d)</span> <span class='ocrx_word' id='word_1_41' title='bbox 1498 715 1684 764; x_wconf 73' lang='lat' dir='ltr'><strong>Cetera</strong></span> 
     </span>
     <span class='ocr_line' id='line_1_8' title="bbox 314 790 1614 860; baseline 0.001 -18"><span class='ocrx_word' id='word_1_42' title='bbox 314 790 412 843; x_wconf 79' lang='lat' dir='ltr'>hac</span> <span class='ocrx_word' id='word_1_43' title='bbox 449 795 500 841; x_wconf 88' lang='lat' dir='ltr'>in</span> <span class='ocrx_word' id='word_1_44' title='bbox 536 790 744 860; x_wconf 78' lang='lat' dir='ltr'>Synodo</span> <span class='ocrx_word' id='word_1_45' title='bbox 778 803 995 841; x_wconf 80' lang='lat' dir='ltr'>tractata</span> <span class='ocrx_word' id='word_1_46' title='bbox 1013 795 1263 858; x_wconf 71' lang='lat' dir='ltr'>„penitus</span> <span class='ocrx_word' id='word_1_47' title='bbox 1299 794 1614 860; x_wconf 81' lang='lat' dir='ltr'>ignorantur.</span> 
     </span>
    </p>
   </div>
   <div class='ocr_carea' id='block_1_3' title="bbox 860 957 1146 1028">
    <p class='ocr_par' dir='ltr' id='par_1_3' title="bbox 860 957 1146 1028">
     <span class='ocr_line' id='line_1_9' title="bbox 860 957 1146 1028; baseline 0 -18"><span class='ocrx_word' id='word_1_48' title='bbox 860 957 911 1028; x_wconf 57' lang='grc' dir='ltr'>ς.</span> <span class='ocrx_word' id='word_1_49' title='bbox 981 961 1146 1010; x_wconf 83' lang='lat' dir='ltr'><strong>LXII.</strong></span> 
     </span>
    </p>
   </div>
   <div class='ocr_carea' id='block_1_4' title="bbox 525 1107 1482 1186">
    <p class='ocr_par' dir='ltr' id='par_1_4' title="bbox 525 1107 1482 1186">
     <span class='ocr_line' id='line_1_10' title="bbox 525 1107 1482 1186; baseline 0.003 -21"><span class='ocrx_word' id='word_1_50' title='bbox 525 1109 672 1186; x_wconf 82' lang='lat' dir='ltr'><em>Syn.</em></span> <span class='ocrx_word' id='word_1_51' title='bbox 719 1107 910 1182; x_wconf 66' lang='lat' dir='ltr'><em>Strlg.</em></span> <span class='ocrx_word' id='word_1_52' title='bbox 956 1128 1054 1165; x_wconf 81' lang='lat' dir='ltr'>an.</span> <span class='ocrx_word' id='word_1_53' title='bbox 1097 1108 1230 1169; x_wconf 88' lang='lat' dir='ltr'>MC</span> <span class='ocrx_word' id='word_1_54' title='bbox 1228 1107 1277 1169; x_wconf 87' lang='lat' dir='ltr'><em>C</em></span> <span class='ocrx_word' id='word_1_55' title='bbox 1275 1107 1420 1169; x_wconf 88' lang='lat' dir='ltr'>CLI</span> <span class='ocrx_word' id='word_1_56' title='bbox 1416 1112 1482 1168; x_wconf 83' lang='lat' dir='ltr'>X.</span> 
     </span>
    </p>
   </div>
   <div class='ocr_carea' id='block_1_5' title="bbox 304 1280 1717 2590">
    <p class='ocr_par' dir='ltr' id='par_1_5' title="bbox 304 1280 1717 2530">
     <span class='ocr_line' id='line_1_11' title="bbox 451 1280 1682 1348; baseline 0.001 -19"><span class='ocrx_word' id='word_1_57' title='bbox 451 1280 776 1346; x_wconf 83' lang='lat' dir='ltr'>Memoratus</span> <span class='ocrx_word' id='word_1_58' title='bbox 823 1281 969 1342; x_wconf 64' lang='lat' dir='ltr'>{nunc</span> <span class='ocrx_word' id='word_1_59' title='bbox 1015 1280 1440 1348; x_wconf 83' lang='lat' dir='ltr'>Archiepiscopus</span> <span class='ocrx_word' id='word_1_60' title='bbox 1468 1318 1482 1341; x_wconf 90' lang='lat'>,</span> <span class='ocrx_word' id='word_1_61' title='bbox 1548 1297 1682 1330; x_wconf 87' lang='lat' dir='ltr'>anno</span> 
     </span>
     <span class='ocr_line' id='line_1_12' title="bbox 325 1358 1680 1430; baseline -0.001 -22"><span class='ocrx_word' id='word_1_62' title='bbox 325 1368 467 1421; x_wconf 72' lang='lat'>1359.</span> <span class='ocrx_word' id='word_1_63' title='bbox 505 1361 746 1427; x_wconf 83' lang='lat' dir='ltr'>Strigonii</span> <span class='ocrx_word' id='word_1_64' title='bbox 785 1360 955 1408; x_wconf 86' lang='lat' dir='ltr'>denuo</span> <span class='ocrx_word' id='word_1_65' title='bbox 993 1358 1253 1425; x_wconf 84' lang='lat' dir='ltr'>Synodum</span> <span class='ocrx_word' id='word_1_66' title='bbox 1301 1360 1680 1430; x_wconf 81' lang='lat' dir='ltr'>Dioecesanam</span> 
     </span>
     <span class='ocr_line' id='line_1_13' title="bbox 319 1439 1679 1502; baseline -0.001 -14"><span class='ocrx_word' id='word_1_67' title='bbox 319 1440 620 1488; x_wconf 82' lang='lat' dir='ltr'>celebravit.</span> <span class='ocrx_word' id='word_1_68' title='bbox 709 1440 766 1486; x_wconf 90' lang='lat' dir='ltr'>In</span> <span class='ocrx_word' id='word_1_69' title='bbox 814 1454 915 1502; x_wconf 83' lang='lat' dir='ltr'>qva</span> <span class='ocrx_word' id='word_1_70' title='bbox 960 1440 1093 1486; x_wconf 85' lang='lat' dir='ltr'>inter</span> <span class='ocrx_word' id='word_1_71' title='bbox 1128 1439 1446 1496; x_wconf 73' lang='lat' dir='ltr'>Martinum,</span> <span class='ocrx_word' id='word_1_72' title='bbox 1499 1439 1679 1487; x_wconf 88' lang='lat' dir='ltr'>Eccle-</span> 
     </span>
     <span class='ocr_line' id='line_1_14' title="bbox 318 1517 1682 1584; baseline 0 -18"><span class='ocrx_word' id='word_1_73' title='bbox 318 1521 423 1566; x_wconf 82' lang='lat' dir='ltr'>siae</span> <span class='ocrx_word' id='word_1_74' title='bbox 460 1517 772 1584; x_wconf 80' lang='lat' dir='ltr'>Collegiatae</span> <span class='ocrx_word' id='word_1_75' title='bbox 821 1517 1142 1565; x_wconf 77' lang='lat' dir='ltr'>posoniensis</span> <span class='ocrx_word' id='word_1_76' title='bbox 1193 1517 1581 1583; x_wconf 75' lang='lat' dir='ltr'>Praepositum,</span> <span class='ocrx_word' id='word_1_77' title='bbox 1630 1528 1682 1566; x_wconf 85' lang='lat' dir='ltr'>et</span> 
     </span>
     <span class='ocr_line' id='line_1_15' title="bbox 316 1595 1717 1662; baseline -0.001 -17"><span class='ocrx_word' id='word_1_78' title='bbox 316 1596 527 1645; x_wconf 84' lang='lat' dir='ltr'>Petrum</span> <span class='ocrx_word' id='word_1_79' title='bbox 574 1595 885 1654; x_wconf 79' lang='lat' dir='ltr'>Custodem,</span> <span class='ocrx_word' id='word_1_80' title='bbox 931 1596 992 1644; x_wconf 87' lang='lat' dir='ltr'>lis</span> <span class='ocrx_word' id='word_1_81' title='bbox 1041 1598 1236 1662; x_wconf 70' lang='lat' dir='ltr'>agitata</span> <span class='ocrx_word' id='word_1_82' title='bbox 1272 1595 1439 1644; x_wconf 73' lang='lat' dir='ltr'><strong>fuerat</strong></span> <span class='ocrx_word' id='word_1_83' title='bbox 1467 1634 1481 1656; x_wconf 91' lang='lat'>,</span> <span class='ocrx_word' id='word_1_84' title='bbox 1533 1616 1717 1659; x_wconf 8' lang='lat' dir='ltr'>super?</span> 
     </span>
     <span class='ocr_line' id='line_1_16' title="bbox 304 1678 1681 1741; baseline 0 -18"><span class='ocrx_word' id='word_1_85' title='bbox 304 1680 571 1740; x_wconf 61' lang='lat' dir='ltr'>fructibus</span> <span class='ocrx_word' id='word_1_86' title='bbox 601 1679 918 1739; x_wconf 72' lang='lat' dir='ltr'>quibusdam,</span> <span class='ocrx_word' id='word_1_87' title='bbox 957 1686 1006 1722; x_wconf 80' lang='lat' dir='ltr'>et</span> <span class='ocrx_word' id='word_1_88' title='bbox 1040 1679 1317 1724; x_wconf 75' lang='lat' dir='ltr'>redditibus</span> <span class='ocrx_word' id='word_1_89' title='bbox 1368 1678 1580 1741; x_wconf 78' lang='lat' dir='ltr'>legatis,</span> <span class='ocrx_word' id='word_1_90' title='bbox 1630 1687 1681 1723; x_wconf 76' lang='lat' dir='ltr'>et</span> 
     </span>
     <span class='ocr_line' id='line_1_17' title="bbox 315 1757 1681 1817; baseline -0.001 -15"><span class='ocrx_word' id='word_1_91' title='bbox 315 1774 381 1803; x_wconf 78' lang='lat' dir='ltr'>ex</span> <span class='ocrx_word' id='word_1_92' title='bbox 428 1766 726 1802; x_wconf 77' lang='lat' dir='ltr'>testamento</span> <span class='ocrx_word' id='word_1_93' title='bbox 779 1757 1116 1817; x_wconf 77' lang='lat' dir='ltr'>spectantibus</span> <span class='ocrx_word' id='word_1_94' title='bbox 1145 1791 1162 1815; x_wconf 83' lang='lat'>‚</span> <span class='ocrx_word' id='word_1_95' title='bbox 1228 1765 1277 1802; x_wconf 81' lang='lat' dir='ltr'>et</span> <span class='ocrx_word' id='word_1_96' title='bbox 1319 1757 1681 1817; x_wconf 78' lang='lat' dir='ltr'>pertinentibus</span> 
     </span>
     <span class='ocr_line' id='line_1_18' title="bbox 316 1835 1681 1893; baseline 0 -12"><span class='ocrx_word' id='word_1_97' title='bbox 316 1837 389 1881; x_wconf 80' lang='lat' dir='ltr'>ad</span> <span class='ocrx_word' id='word_1_98' title='bbox 423 1837 670 1893; x_wconf 70' lang='lat' dir='ltr'>Capellam</span> <span class='ocrx_word' id='word_1_99' title='bbox 712 1835 761 1883; x_wconf 80' lang='lat' dir='ltr'>S.</span> <span class='ocrx_word' id='word_1_100' title='bbox 804 1836 1111 1893; x_wconf 73' lang='lat' dir='ltr'>Gotthardi,</span> <span class='ocrx_word' id='word_1_101' title='bbox 1167 1844 1216 1881; x_wconf 79' lang='lat' dir='ltr'>et</span> <span class='ocrx_word' id='word_1_102' title='bbox 1249 1839 1312 1883; x_wconf 87' lang='lat' dir='ltr'>B.</span> <span class='ocrx_word' id='word_1_103' title='bbox 1348 1836 1580 1888; x_wconf 62' lang='lat' dir='ltr'><em>Andneae</em></span> <span class='ocrx_word' id='word_1_104' title='bbox 1612 1837 1681 1881; x_wconf 89' lang='lat' dir='ltr'>A·</span> 
     </span>
     <span class='ocr_line' id='line_1_19' title="bbox 311 1913 1676 1976; baseline -0.001 -17"><span class='ocrx_word' id='word_1_105' title='bbox 311 1917 502 1976; x_wconf 73' lang='lat' dir='ltr'>postoli</span> <span class='ocrx_word' id='word_1_106' title='bbox 548 1923 767 1974; x_wconf 79' lang='lat' dir='ltr'>coeptam</span> <span class='ocrx_word' id='word_1_107' title='bbox 789 1948 804 1970; x_wconf 84' lang='lat'>,</span> <span class='ocrx_word' id='word_1_108' title='bbox 855 1923 902 1958; x_wconf 80' lang='lat' dir='ltr'>et</span> <span class='ocrx_word' id='word_1_109' title='bbox 955 1916 1137 1959; x_wconf 81' lang='lat' dir='ltr'><em>dudum</em></span> <span class='ocrx_word' id='word_1_110' title='bbox 1188 1917 1469 1960; x_wconf 78' lang='lat' dir='ltr'>inchoatam</span> <span class='ocrx_word' id='word_1_111' title='bbox 1504 1913 1676 1974; x_wconf 75' lang='lat' dir='ltr'><em>aedfi-</em></span> 
     </span>
     <span class='ocr_line' id='line_1_20' title="bbox 318 1992 1676 2051; baseline 0 -13"><span class='ocrx_word' id='word_1_112' title='bbox 318 1996 463 2051; x_wconf 80' lang='lat' dir='ltr'>cari,</span> <span class='ocrx_word' id='word_1_113' title='bbox 502 1998 550 2039; x_wconf 84' lang='lat' dir='ltr'>in</span> <span class='ocrx_word' id='word_1_114' title='bbox 589 1995 829 2039; x_wconf 68' lang='lat' dir='ltr'>cimiterio</span> <span class='ocrx_word' id='word_1_115' title='bbox 866 1995 1121 2038; x_wconf 79' lang='lat' dir='ltr'>Ecclesiae</span> <span class='ocrx_word' id='word_1_116' title='bbox 1156 1992 1332 2039; x_wconf 81' lang='lat' dir='ltr'>Sancti</span> <span class='ocrx_word' id='word_1_117' title='bbox 1373 1992 1676 2051; x_wconf 72' lang='lat' dir='ltr'>salvatoris,</span> 
     </span>
     <span class='ocr_line' id='line_1_21' title="bbox 316 2072 1677 2129; baseline -0.001 -11"><span class='ocrx_word' id='word_1_118' title='bbox 316 2074 448 2118; x_wconf 77' lang='lat' dir='ltr'>alias</span> <span class='ocrx_word' id='word_1_119' title='bbox 484 2072 534 2119; x_wconf 84' lang='lat' dir='ltr'>S.</span> <span class='ocrx_word' id='word_1_120' title='bbox 569 2073 799 2117; x_wconf 77' lang='lat' dir='ltr'>Martini</span> <span class='ocrx_word' id='word_1_121' title='bbox 829 2073 888 2115; x_wconf 81' lang='lat' dir='ltr'>de</span> <span class='ocrx_word' id='word_1_122' title='bbox 922 2073 1168 2129; x_wconf 81' lang='lat' dir='ltr'>Posonc&#39;o,</span> <span class='ocrx_word' id='word_1_123' title='bbox 1206 2075 1394 2117; x_wconf 73' lang='lat' dir='ltr'>unitam</span> <span class='ocrx_word' id='word_1_124' title='bbox 1438 2088 1546 2116; x_wconf 84' lang='lat' dir='ltr'>cum</span> <span class='ocrx_word' id='word_1_125' title='bbox 1582 2074 1677 2117; x_wconf 80' lang='lat' dir='ltr'>eis-</span> 
     </span>
     <span class='ocr_line' id='line_1_22' title="bbox 318 2152 1681 2214; baseline 0 -18"><span class='ocrx_word' id='word_1_126' title='bbox 318 2154 426 2196; x_wconf 85' lang='lat' dir='ltr'>dem</span> <span class='ocrx_word' id='word_1_127' title='bbox 452 2153 750 2214; x_wconf 76' lang='lat' dir='ltr'>fructibus,</span> <span class='ocrx_word' id='word_1_128' title='bbox 788 2153 1098 2195; x_wconf 72' lang='lat' dir='ltr'>authoritate</span> <span class='ocrx_word' id='word_1_129' title='bbox 1134 2152 1461 2210; x_wconf 79' lang='lat' dir='ltr'>Apostolica‚</span> <span class='ocrx_word' id='word_1_130' title='bbox 1505 2153 1681 2196; x_wconf 85' lang='lat' dir='ltr'>Custo-</span> 
     </span>
     <span class='ocr_line' id='line_1_23' title="bbox 316 2225 1679 2292; baseline -0.001 -17"><span class='ocrx_word' id='word_1_131' title='bbox 316 2232 428 2275; x_wconf 74' lang='lat' dir='ltr'>diae</span> <span class='ocrx_word' id='word_1_132' title='bbox 461 2232 769 2276; x_wconf 67' lang='lat' dir='ltr'>Posomensi.</span> <span class='ocrx_word' id='word_1_133' title='bbox 842 2225 998 2274; x_wconf 87' lang='lat' dir='ltr'>Cuius</span> <span class='ocrx_word' id='word_1_134' title='bbox 1038 2226 1141 2273; x_wconf 89' lang='lat' dir='ltr'>litis</span> <span class='ocrx_word' id='word_1_135' title='bbox 1180 2226 1406 2284; x_wconf 79' lang='lat' dir='ltr'>decisio,</span> <span class='ocrx_word' id='word_1_136' title='bbox 1456 2243 1549 2292; x_wconf 89' lang='lat' dir='ltr'>per</span> <span class='ocrx_word' id='word_1_137' title='bbox 1584 2226 1679 2274; x_wconf 87' lang='lat' dir='ltr'>Ar·</span> 
     </span>
     <span class='ocr_line' id='line_1_24' title="bbox 315 2304 1678 2371; baseline -0.001 -18"><span class='ocrx_word' id='word_1_138' title='bbox 315 2305 702 2371; x_wconf 85' lang='lat' dir='ltr'>chiepiscopum</span> <span class='ocrx_word' id='word_1_139' title='bbox 753 2308 1022 2353; x_wconf 83' lang='lat' dir='ltr'>commissa</span> <span class='ocrx_word' id='word_1_140' title='bbox 1075 2304 1239 2352; x_wconf 80' lang='lat' dir='ltr'>fuerat</span> <span class='ocrx_word' id='word_1_141' title='bbox 1295 2304 1446 2351; x_wconf 81' lang='lat' dir='ltr'>Petro</span> <span class='ocrx_word' id='word_1_142' title='bbox 1495 2304 1678 2353; x_wconf 77' lang='lat' dir='ltr'>Archi-</span> 
     </span>
     <span class='ocr_line' id='line_1_25' title="bbox 315 2381 1676 2450; baseline -0.001 -17"><span class='ocrx_word' id='word_1_143' title='bbox 315 2384 534 2434; x_wconf 79' lang='lat' dir='ltr'>dlacono</span> <span class='ocrx_word' id='word_1_144' title='bbox 572 2384 974 2450; x_wconf 78' lang='lat' dir='ltr'>Neogradiensi,</span> <span class='ocrx_word' id='word_1_145' title='bbox 1010 2400 1204 2446; x_wconf 88' lang='lat' dir='ltr'>suoqve</span> <span class='ocrx_word' id='word_1_146' title='bbox 1242 2381 1487 2431; x_wconf 81' lang='lat' dir='ltr'>Generali</span> <span class='ocrx_word' id='word_1_147' title='bbox 1523 2383 1676 2431; x_wconf 83' lang='lat' dir='ltr'>Vica-</span> 
     </span>
     <span class='ocr_line' id='line_1_26' title="bbox 312 2460 1676 2530; baseline -0.001 -18"><span class='ocrx_word' id='word_1_148' title='bbox 312 2466 422 2523; x_wconf 88' lang='lat' dir='ltr'>rio,</span> <span class='ocrx_word' id='word_1_149' title='bbox 469 2480 581 2512; x_wconf 87' lang='lat' dir='ltr'>cum</span> <span class='ocrx_word' id='word_1_150' title='bbox 630 2463 860 2530; x_wconf 85' lang='lat' dir='ltr'>pluribus</span> <span class='ocrx_word' id='word_1_151' title='bbox 910 2464 1033 2510; x_wconf 90' lang='lat' dir='ltr'>viris</span> <span class='ocrx_word' id='word_1_152' title='bbox 1091 2460 1460 2511; x_wconf 82' lang='lat' dir='ltr'>Ecclesiasticis</span> <span class='ocrx_word' id='word_1_153' title='bbox 1517 2479 1676 2528; x_wconf 84' lang='lat' dir='ltr'>nego-</span> 
     </span>
    </p>

    <p class='ocr_par' dir='ltr' id='par_1_6' title="bbox 1477 2544 1605 2590">
     <span class='ocr_line' id='line_1_27' title="bbox 1477 2544 1605 2590; baseline -0.016 0"><span class='ocrx_word' id='word_1_154' title='bbox 1477 2544 1605 2590; x_wconf 85' lang='lat' dir='ltr'>tium</span> 
     </span>
    </p>
   </div>
   <div class='ocr_carea' id='block_1_6' title="bbox 372 2698 1346 2757">
    <p class='ocr_par' dir='ltr' id='par_1_7' title="bbox 372 2698 1346 2757">
     <span class='ocr_line' id='line_1_28' title="bbox 372 2698 1346 2757; baseline -0.002 -14"><span class='ocrx_word' id='word_1_155' title='bbox 372 2698 424 2756; x_wconf 84' lang='lat' dir='ltr'>d)</span> <span class='ocrx_word' id='word_1_156' title='bbox 454 2702 534 2755; x_wconf 86' lang='lat' dir='ltr'>Ap.</span> <span class='ocrx_word' id='word_1_157' title='bbox 560 2698 770 2756; x_wconf 79' lang='lat' dir='ltr'>Pe&#39;terffy</span> <span class='ocrx_word' id='word_1_158' title='bbox 799 2702 876 2745; x_wconf 87' lang='lat' dir='ltr'>cit.</span> <span class='ocrx_word' id='word_1_159' title='bbox 905 2699 1051 2741; x_wconf 88' lang='lat' dir='ltr'>Tomo</span> <span class='ocrx_word' id='word_1_160' title='bbox 1071 2728 1088 2750; x_wconf 92' lang='lat'>,</span> <span class='ocrx_word' id='word_1_161' title='bbox 1118 2711 1222 2757; x_wconf 79' lang='lat' dir='ltr'><strong>pag.</strong></span> <span class='ocrx_word' id='word_1_162' title='bbox 1255 2703 1346 2755; x_wconf 87' lang='lat'><strong>176.</strong></span> 
     </span>
    </p>
   </div>
  </div>
 </body>
</html>
