1779 3128
679 242 863 261 ''⁸‘'-
1372 246 1460 295 ¹39

86 357 272 406 lantur.
309 353 371 418 k)
445 350 852 402 Archidiaconus
902 356 1112 402 visitans
1164 354 1464 418 investiget,

86 452 210 484 num
245 432 364 482 huic
412 432 711 500 obligationi
763 433 849 480 fiat
896 435 1034 482 satis.
1124 434 1180 481 In
1220 433 1464 481 Ecclesiis

87 512 514 570 Cathedralibus,
565 523 614 560 et
665 510 996 577 CollegiatiS,
1049 511 1338 580 Episcopus
1377 523 1464 560 aut

84 593 447 659 Praepositus,
496 591 814 640 Canonicum
849 627 863 649 ,
913 591 1146 639 aliumve
1197 591 1463 648 idoneum,

85 670 153 721 ad
188 669 286 719 hoc
323 688 500 719 munus
534 669 783 735 designet.
862 684 934 728 13.
974 669 1363 737 Ludimagister
1399 674 1462 719 sit

82 749 331 808 idoneus,
371 749 694 807 Catholicus,
733 749 1063 813 honestisqve
1092 761 1241 797 natus
1273 766 1465 815 paren-

85 829 257 888 tibus,
307 833 394 892 qvi
443 832 745 895 priusqvam
792 826 1015 876 docendi
1067 831 1312 894 suscipiat
1347 847 1460 876 mu-

84 925 180 956 nus
212 947 228 968 ,
291 910 463 956 eliciat
519 907 640 956 fidei
706 906 1006 956 Catholicae
1066 907 1462 975 professionem.

87 987 273 1036 Careat
309 991 514 1046 vetitis,
551 988 893 1050 obscenisqve
930 987 1125 1035 libris.'
1191 987 1272 1034 De
1308 991 1465 1035 mori·

83 1066 178 1116 bus
227 1065 461 1115 eiusdem
513 1084 571 1116 ac
629 1065 851 1115 docendi
889 1067 1079 1126 modo,
1114 1078 1349 1133 tempore
1384 1070 1464 1116 vi-

85 1149 337 1195 sitationis
384 1145 788 1195 Archidiaconus
827 1148 1071 1209 inqvirat.
1151 1145 1348 1194 Diebus
1386 1147 1463 1195 fe·

85 1222 174 1273 stis
204 1262 218 1283 ,
271 1236 478 1290 praeter
527 1224 932 1282 catechismum,
983 1227 1034 1272 in
1082 1223 1269 1274 scholis
1306 1225 1463 1274 lectio

84 1304 224 1352 nulla
261 1304 366 1351 fiat.
445 1319 518 1359 14.
559 1303 813 1352 parochus
846 1308 1075 1370 graviter
1111 1321 1342 1371 aegrum,
1369 1307 1463 1355 etsi

85 1399 189 1430 non
229 1394 474 1442 vocatus,
524 1384 703 1443 adea13
753 1382 1132 1447 eiusdemqve,
1185 1387 1226 1431 si
1262 1401 1463 1452 pauper

82 1462 272 1521 fuerit,
309 1474 570 1511 succurrat
602 1466 915 1511 necessitati.
971 1462 1201 1522 Caveat,
1232 1480 1296 1511 ne
1327 1466 1461 1528 qvis,

85 1541 151 1589 ob
186 1545 293 1590 eius
324 1542 724 1609 negligentiam,
763 1543 954 1607 absqve
982 1543 1343 1602 Sacramentis,
1372 1544 1463 1591 ab·

82 1619 178 1668 hac
208 1623 315 1669 vita
349 1620 597 1671 discedat.
673 1637 748 1681 15.
787 1624 1207 1682 IncantationeS,
1237 1627 1460 1689 magiae,

85 1698 464 1758 divinationes,
502 1701 797 1768 sortilegia,
837 1700 1242 1760 chiromantiae,
1280 1720 1460 1769 super-

85 1782 315 1826 stitiosae
366 1783 660 1828 curationes
709 1797 1009 1848 aegrorum,
1057 1798 1116 1830 ac
1163 1781 1460 1842 vulnerum,

81 1873 174 1924 per
211 1859 403 1917 verba,
456 1870 507 1908 et
543 1863 689 1926 signa
736 1861 964 1922 occulta,
1011 1873 1153 1911 certo
1201 1873 1457 1929 tempore,

46 1944 49 1947 '
83 1953 142 1984 ac
179 1937 294 1985 loco
334 1938 502 1997 facta,
542 1939 723 1987 crebro
760 1958 852 2006 pro
890 1944 1136 1990 concione
1175 1941 1458 2008 reprehen-

84 2014 286 2065 dantur.
370 2018 471 2077 Et,
521 2021 562 2066 si
612 2022 701 2083 qvi
753 2019 1046 2068 huiusmodi
1082 2021 1352 2069 maleficiis
1391 2024 1460 2069 ir-

80 2098 220 2151 retiti
260 2097 486 2157 fuerint,
526 2099 783 2166 Episcopo
819 2117 911 2168 per
939 2099 1228 2149 Parochum
1258 2101 1456 2149 denun-

83 2177 296 2224 cientur.
378 2179 451 2226 16.
493 2177 794 2227 Curandum
831 2191 937 2238 est,
973 2196 1037 2228 ne
1074 2178 1258 2228 diebus
1292 2180 1456 2240 festis,

82 2269 177 2318 per
226 2255 459 2305 subditos
510 2274 668 2324 opera
717 2258 924 2306 servilia
972 2271 1344 2320 exerceantur-3
1391 2276 1460 2307 ne

83 2332 208 2381 item
254 2351 430 2386 carnes
457 2374 474 2398 ‚
523 2337 717 2402 aliiqve
766 2338 867 2388 cibi
914 2340 1095 2400 vetiti,
1143 2341 1455 2388 ieiuniorum

1283 2417 1390 2468 die·

140 2542 192 2599 k)
224 2546 402 2601 Qvanta
433 2549 490 2590 sit
519 2563 628 2594 cura
657 2550 872 2605 publicae
898 2552 1159 2598 autoritatis
1191 2561 1344 2596 aetate
1375 2565 1457 2593 110-

148 2629 158 2646 ·
196 2621 322 2662 Stra,
363 2624 415 2656 ut
458 2618 612 2670 proles
657 2621 703 2663 iu
744 2622 981 2675 principiis
1026 2621 1283 2678 Religionis
1314 2634 1457 2664 verae

200 2681 453 2724 educentur
474 2714 488 2733 ,
519 2687 656 2731 docet
690 2703 843 2733 meum
871 2691 944 2734 Ius
974 2690 1106 2747 publ.
1146 2689 1271 2735 Eccl.
1302 2690 1454 2746 Hung,

190 2749 426 2805 imprimis
458 2751 499 2813 ᾗ.
532 2759 627 2812 256.
