1779 3128
692 200 875 216 ····-··
1380 199 1470 248 251

87 323 295 381 scopata
342 310 582 359 Nitriensi
614 348 628 369 ‚
695 311 976 375 relictoqve
1031 309 1295 378 Stephano
1345 310 1475 358 Bos-

88 394 272 459 nyzffl,
322 390 535 439 antehac
588 389 1003 456 Vesprimiensi:
1054 392 1107 454 c)
1159 394 1357 457 optime
1406 388 1474 438 de

92 470 362 539 republica
401 482 618 534 utraqve
662 473 877 518 meritus
901 507 916 528 ‚
954 486 1087 518 anno
1132 471 1271 531 1647.
1296 470 1471 520 'vitam

91 569 208 600 cum
243 567 412 598 morse
453 553 809 600 commutavit.
847 551 908 611 d)
986 549 1182 616 Qvodsi
1226 561 1340 598 acta
1377 550 1473 615 Sy-

87 631 210 680 nodi
255 647 349 696 per
399 647 519 677 eum
573 641 886 679 convocatae
924 631 1044 678 mihi
1081 630 1256 695 legere
1297 630 1473 678 licuis-

87 720 208 770 set,
261 711 480 759 fortasse
533 713 969 775 pronunciat-em:
1025 709 1279 758 Utrumne
1334 708 1470 757 hanc

86 789 355 854 Synodum
396 789 596 838 Nitriae
632 790 979 848 celebratam,
1013 800 1063 838 et
1091 790 1153 837 ab
1179 805 1231 836 se
1259 788 1472 847 lectam,

87 870 383 935 intelligere
418 869 642 919 voluerit
692 869 744 918 P.
797 870 1057 917 Martinus
1095 864 1474 933 Szentivanyi?

82 952 136 996 in
177 965 311 1013 qva,
360 961 478 1015 post
524 944 653 997 alias
698 948 959 996 Ecclesiae
1010 949 1334 1014 Hungaricae
1374 947 1472 1013 Sy-

86 1030 251 1077 nodos
288 1029 351 1076 ab
391 1046 443 1076 se
479 1039 944 1087 commemoratas,
982 1026 1049 1076 ad
1087 1026 1306 1075 Concilii
1344 1024 1470 1075 Tri-

86 1107 282 1156 dentini
325 1109 538 1157 decreta
581 1111 898 1174 provocari,
953 1118 1228 1174 eapropter
1265 1122 1470 1157 asseve-

85 1199 195 1246 rat,
231 1198 285 1235 ut
323 1187 412 1234 illa
448 1204 542 1254 per
585 1187 874 1235 Ecclesiam
913 1187 1262 1253 Hungaricam
1302 1202 1470 1234 susce·

81 1277 171 1334 pta
205 1284 323 1315 cum
350 1266 577 1327 honore,
617 1283 676 1314 ae
709 1266 996 1331 obseqvio‚
1027 1266 1151 1316 hinc
1170 1265 1372 1333 probet.
1410 1267 1468 1328 e)

667 1420 719 1492 §.
793 1424 899 1476 cv.

224 1575 370 1651 Syn.
422 1574 610 1646 Zagr.
656 1593 756 1630 an.
803 1572 1306 1633 MDCXXXIV.

209 1748 450 1797 Tametsi
486 1745 700 1795 Carolus
731 1747 942 1797 Peterffi
968 1749 1235 1818 glo-rietur,
1269 1765 1319 1797 se
1343 1763 1466 1814 par-

77 1841 184 1878 tem
216 1829 692 1885 Monumentorum‚
724 1827 983 1875 Ecclesiae
1007 1828 1340 1894 Zagrabiernsi
1374 1828 1465 1876 de-

73 1909 230 1966 bere,
269 1907 326 1970 f)
367 1923 469 1954 non
510 1909 557 1953 ei
579 1917 753 1955 tamen
778 1906 876 1955 fuit
905 1910 1113 1973 cognita
1151 1906 1385 1974 Synodus
1410 1910 1463 1956 in

79 1987 307 2036 Civitate
339 1985 698 2052 Zagrabiensi‚
734 2002 868 2034 anno
913 1987 1051 2045 1634.
1086 1985 1174 2035 die»
1206 2003 1278 2049 19.
1315 2004 1462 2035 men-

73 2071 139 2115 sis
188 2068 319 2115 Iunii
347 2103 361 2125 ‚
412 2076 461 2114 et
516 2066 853 2128 seqventibus
905 2066 1204 2114 immediate
1260 2066 1462 2115 duobus

68 2145 254 2196 diebus
311 2145 620 2205 celebrata3
678 2162 834 2210 qvam
878 2157 1252 2197 convocaverat
1301 2145 1461 2194 Fran-

1296 2242 1400 2273 cis·

132 2371 178 2426 c)
210 2372 335 2426 Pray
365 2373 412 2413 in
443 2372 630 2426 specim.
662 2374 788 2417 Hier,
820 2373 969 2428 Hung.
999 2379 1131 2424 parte
1157 2371 1191 2412 1.
1220 2384 1326 2427 pag.
1359 2381 1461 2425 374.

190 2440 242 2494 d)
284 2440 512 2495 Pleraqve
556 2441 699 2489 haec,
741 2452 788 2482 et
828 2441 962 2494 plura
1001 2440 1162 2497 legere
1211 2448 1342 2493 potes
1376 2453 1450 2492 ap.

186 2509 264 2552 cit.
297 2513 477 2551 Katona
511 2511 587 2552 cit.
621 2524 781 2563 opere.
845 2492 891 2565 e')
926 2511 979 2551 In
1011 2509 1190 2550 dissert.
1225 2507 1461 2562 paralipo-

187 2577 368 2618 menica
399 2591 489 2619 rer.
521 2578 900 2623 memorabilium
931 2578 1195 2635 Hungariae
1237 2587 1326 2619 etc.
1362 2577 1458 2617 edi-

187 2654 234 2686 ta
266 2660 384 2689 anno
423 2651 540 2699 1699.
584 2648 802 2704 catalogo
845 2647 1063 2689 LXXVII.
1105 2660 1214 2704 pag.
1250 2660 1340 2699 172.
1402 2642 1454 2697 f)

186 2716 332 2761 citato
362 2715 454 2758 iam
485 2729 623 2771 opere
643 2746 658 2768 ,
687 2727 818 2772 parte
851 2717 907 2762 ΙΙ,
939 2730 1045 2774 pag.
1075 2730 1172 2773 393·
