1779 3128
319 242 384 293 54
915 233 1098 251 ·······-

315 350 459 399 bunt.
531 361 577 409 9.
614 349 788 409 Atqve
826 345 1073 394 ultimum
1095 356 1251 412 caput
1289 344 1451 393 solam
1489 345 1686 395 adtinet
1762 399 1765 414 χχ

316 429 586 476 Poloniam
616 461 630 484 ‚
683 426 825 472 cuius
873 425 1161 484 praelatis,
1223 436 1376 490 atqve
1433 424 1686 491 Capitulis

314 507 638 573 praecipitur
668 541 682 562 ‚
730 515 782 552 ut
831 503 1086 552 mandatis
1135 504 1468 569 Apostolicae
1521 503 1685 562 Sedis,

315 588 534 648 eiu-sqve
581 584 894 650 Legatorum
945 586 1044 631 sint
1099 583 1456 646 obseqventes.
1538 583 1685 630 Erat-

315 681 417 727 qve
458 663 671 710 Praesul
707 662 1015 719 Polonicus,
1067 664 1322 729 nimirum,
1348 661 1684 718 Lubecensis‚

312 741 382 789 ad
426 744 567 790 cuius
611 743 965 809 petitionem,⁴
1004 739 1244 788 Clemens
1287 739 1374 787 Vl.
1425 739 1684 799 Pontifex,

314 820 525 870 decreta
573 819 767 887 Synodi
818 821 1173 879 posoniensis,
1222 834 1252 866 a
1300 818 1543 866 Peterffio
1592 835 1686 865 no-

312 913 444 960 stro,
487 918 513 948 e
552 902 654 950 Ms.
691 912 740 949 et
779 899 1005 949 Odorico
1039 895 1315 964 Raynaldo
1350 895 1684 962 postmodum

311 979 655 1046 typis²edita‚
706 979 765 1042 b)
810 981 912 1025 iam
962 994 1096 1025 anno
1134 975 1523 1024 MCCCXLVI.
1561 992 1681 1023 con-

312 1059 570 1108 firmabat.
619 1057 674 1118 c)
757 1057 954 1105 Habuit
1001 1073 1125 1104 vero
1189 1058 1241 1102 in
1292 1055 1463 1103 Patria
1511 1065 1689 1104 nostra

308 1139 535 1186 fructum
573 1135 923 1202 peculiarem,
973 1137 1300 1193 constitutio,
1345 1133 1428 1182 hic
1466 1150 1683 1182 numero

309 1220 534 1282 septimo
572 1213 849 1273 adnotata,
885 1230 1006 1263 cum
1043 1230 1177 1262 anno
1213 1224 1459 1277 seqvente
1499 1211 1684 1260 Ladis-

306 1297 420 1344 laus
467 1291 704 1342 Vaivoda
733 1329 750 1351 ,
795 1309 897 1340 non
945 1293 1112 1340 solum
1159 1291 1444 1347 reddiderit
1495 1290 1681 1340 Carclo

307 1375 444 1440 Regi
492 1389 769 1432 coronam,
819 1372 909 1420 sed
960 1370 1120 1420 fidem
1170 1387 1380 1436 qvoqve
1436 1370 1511 1417 illi
1564 1386 1683 1418 cum

307 1451 906 1515 siiis5·fidelitatemqve
952 1452 1248 1517 promiserit
1294 1452 1404 1496 iure
1441 1448 1683 1508 iurando,

305 1531 520 1583 Thoma
581 1531 916 1597 strigoniensi
967 1527 1380 1596 Archiepiscopo
1435 1538 1681 1595 praesen·

306 1623 377 1663 te.
395 1611 474 1674 d)
502 1655 511 1659 „

863 1754 914 1825 ς.
983 1756 1130 1807 XIX.
1411 1807 1415 1811 .

585 1881 732 1957 Syn.
783 1878 1038 1937 Tirncw.
1082 1877 1274 1936 MDL
1287 1838 1399 1934 XL·
1456 1849 1458 1851 .

435 2040 682 2092 Nicolaus
728 2038 913 2088 illustri
965 2055 1189 2104 genere,
1229 2037 1429 2086 scilicet
1466 2052 1493 2083 e
1531 2033 1677 2082 Prin·

303 2122 500 2188 cipibus
520 2118 820 2183 Valachiae,
850 2118 1038 2168 Cibinii
1063 2116 1202 2185 apud
1226 2118 1451 2166 Saxones
1477 2113 1677 2163 Trans-

1454 2194 1612 2242 silva-

356 2331 410 2390 b)
443 2332 526 2376 Cit.
573 2345 647 2385 op.
687 2331 740 2375 T.
779 2333 815 2376 I.
857 2343 962 2388 pag.
1006 2328 1119 2370 mihi
1167 2339 1259 2381 142.
1319 2326 1365 2383 c)
1394 2325 1575 2368 Ibidem
1606 2322 1672 2364 le-

413 2409 583 2457 guntur
613 2401 768 2454 Papae
802 2398 1048 2443 Clementis
1079 2397 1150 2437 VI.
1184 2396 1242 2437 ad
1273 2397 1555 2449 Apetzonem
1586 2392 1672 2432 Lu·

407 2469 659 2509 bucensem
690 2468 966 2520 Episcopum
995 2465 1177 2507 literae.
1247 2463 1300 2515 d)
1332 2466 1674 2505 Documentum

410 2534 499 2576 hoc
528 2534 872 2588 promissionis,
911 2534 957 2574 in
988 2532 1140 2574 lucem
1173 2530 1409 2586 publicam
1442 2527 1674 2583 protraxit

299 2604 346 2639 ⁸.
409 2607 605 2648 Ioannes
643 2600 1011 2656 Fridvaldszky,
1063 2599 1163 2640 Soc.
1208 2603 1309 2642 Iesu
1360 2597 1583 2641 Sacerdos
1624 2595 1670 2635 in

411 2671 725 2728 Minerologia
744 2670 810 2713 M.
833 2669 1124 2722 Principatus
1144 2666 1515 2716 Transilvaniae,
1536 2663 1668 2706 Clau-

413 2739 594 2796 diopoli
625 2753 698 2784 au.
734 2742 852 2794 1767.
879 2738 1000 2794 typis
1034 2736 1186 2788 edita,
1216 2749 1322 2792 pag.
1356 2749 1449 2789 107.
