1779 3128
249 200 366 249 ,116
865 201 1050 235 ²:2⁹—

268 332 422 388 portu
453 319 678 386 Megyer
698 352 713 375 ‚
750 336 896 385 usque
929 323 1002 368 ad
1029 338 1264 386 magnam
1296 318 1509 367 insulam
1544 319 1647 366 Re-

270 407 386 467 gis,
422 402 602 464 absqve
636 400 893 448 uoluntate
928 403 1250 463 Praepositi,
1310 403 1390 446 vel
1429 401 1652 461 Capituli

269 483 519 539 eiusdem,
574 482 738 528 nullus
789 482 863 527 ibi
904 483 1099 542 piscari
1136 491 1460 543 praesumat,
1516 489 1564 525 et
1597 481 1649 525 si

269 563 377 625 qvis
411 564 462 608 in
492 570 747 623 posterum
785 561 982 625 Regiae
1029 563 1348 622 dispositioni
1395 563 1648 606 contraire

270 642 517 699 voluerit,
556 643 894 686 anathematis
916 641 1151 702 feriatur
1187 642 1500 697 exterminio,
1542 640 1647 685 lle-

266 723 381 785 gis,
434 727 483 765 et
527 720 700 782 Regni
747 722 906 766 totius
939 736 1056 767 reus
1105 721 1312 765 existat.
1401 722 1474 768 Et
1528 721 1646 764 licet

270 798 366 845 alii
395 800 454 845 de
488 800 702 859 subpede
739 801 911 845 Castri
941 800 1189 855 eiusdem,
1238 799 1301 843 ab
1347 802 1485 860 aqvis
1523 801 1645 844 cali-

269 881 382 937 dis,
421 887 471 923 et
498 894 678 939 super,
714 880 773 923 de
806 881 911 923 suis
948 879 1241 923 molendinis
1279 880 1536 923 annuatim
1570 895 1648 924 so-

269 959 413 1004 litum
453 974 648 1003 censum
698 958 897 1003 solvant
922 989 938 1012 ,
993 958 1053 1002 de
1102 958 1429 1002 universitate
1482 966 1645 1003 tamen

270 1037 662 1084 molendinorum
699 1037 790 1082 sub
827 1038 933 1095 ipso
959 1045 1144 1085 «castro
1178 1037 1407 1082 Budensi
1438 1037 1646 1097 praefa-

271 1118 319 1161 ti
351 1117 514 1176 cives,
553 1117 631 1160 vel
660 1116 768 1173 illi,
820 1117 892 1160 ad
935 1132 1053 1178 qvos
1100 1119 1210 1177 ipsa
1245 1117 1498 1177 pertinent
1548 1133 1654 1161 mo·

267 1195 498 1250 lendina,
548 1196 746 1253 penitus
782 1196 909 1240 nilzil
956 1197 1174 1242 solvunt.
1210 1220 1275 1227 —
1308 1220 1374 1226 —
1407 1221 1474 1227 -
1509 1192 1650 1240 Hinc

268 1272 491 1339 petitum
515 1280 622 1319 est:
657 1274 916 1336 Dignetur
947 1284 1176 1321 sanctum
1209 1276 1510 1332 Concilium,
1545 1275 1650 1320 Re-

274 1362 497 1408 ctorem,
534 1354 766 1411 iuratos,
804 1369 866 1400 ac
899 1357 1275 1400 universitatem
1313 1356 1475 1400 castri
1504 1370 1647 1413 prae-

259 1422 407 1495 fati,
439 1433 786 1492 paternalibus
814 1435 1018 1480 monitis
1052 1435 1327 1479 salubriter
1361 1435 1644 1490 exhortari,

273 1520 332 1557 ut
364 1527 455 1556 suo
510 1514 617 1556 iure
664 1515 920 1577 contenti,
968 1515 1326 1575 patrimonium
1380 1529 1475 1559 non
1528 1513 1649 1557 diri-

268 1593 415 1651 piant
456 1591 703 1650 Crucifixi
729 1626 746 1649 ,
799 1593 1132 1653 permittendo
1185 1601 1509 1638 memoratam
1543 1593 1649 1638 Bu·

272 1672 467 1717 densem
506 1672 786 1716 Ecclesiam
822 1673 871 1717 in
922 1687 1016 1718 sua
1058 1674 1383 1736 privilegiata
1430 1673 1648 1726 iustitia,

266 1751 412 1811 pacis
461 1751 788 1811 amplitudine
833 1752 1108 1814 gratulari.
1157 1776 1224 1783 —-
1269 1776 1335 1783 -——
1384 1746 1650 1795 Praesules

275 1829 486 1889 itaqve,
539 1830 898 1876 deliberatione
928 1831 1141 1892 provida
1177 1837 1482 1876 recensentes
1506 1862 1521 1883 ,
1576 1829 1652 1872 di-

275 1917 410 1953 ctam
443 1911 732 1969 petitionem
752 1943 768 1967 ,
815 1919 864 1955 et
911 1912 1324 1971 protestationem
1361 1910 1486 1953 iuris
1521 1909 1646 1952 veri·

274 1996 384 2032 tate
418 1987 685 2033 subnixam
735 1990 783 2034 in
828 1991 1116 2049 praemissis
1152 1989 1407 2043 omnibus,
1464 1995 1513 2031 et
1546 1988 1648 2031 sin-

272 2067 411 2129 gulis
441 2070 828 2126 praemissorum
849 2099 864 2123 ,
918 2070 989 2113 ad
1019 2069 1175 2128 ipsum
1215 2068 1510 2122 Rectorem,
1564 2065 1648 2111 Iu·

276 2155 421 2190 ratos
441 2180 457 2203 ,
513 2156 562 2191 et
618 2139 998 2192 Uninersitatem
1042 2149 1228 2193 Civium
1275 2139 1646 2206 praefatorum,

272 2233 517 2285 paternae
561 2229 930 2272 exhortationis
974 2228 1148 2271 literas
1210 2221 1533 2269 dimiserunt.
1588 2216 1650 2280 d)

277 2300 453 2363 Atqve
488 2300 615 2349 haec
651 2314 798 2361 sunt,
848 2319 1018 2366 neqve
1055 2302 1234 2367 plura,
1275 2299 1339 2347 de
1379 2309 1653 2365 praesente

275 2378 488 2444 Synodo
510 2416 525 2440 ,
565 2397 698 2445 qvae
735 2382 838 2430 dici
875 2391 1098 2447 possunt.

1333 2505 1384 2578 §.
1422 2507 1586 2558 XLV.

340 2638 400 2693 d>
425 2638 621 2685 Prolata
652 2651 756 2683 sunt
777 2641 891 2685 haec
922 2643 1028 2697 ipsis
1051 2642 1320 2683 documenti
1338 2612 1511 2690 verbis,
1529 2636 1654 2694 qvod

397 2705 571 2764 legitur
602 2722 678 2763 ap.
710 2708 916 2767 Peterffy
950 2712 1027 2755 cit.
1058 2706 1134 2766 op,
1157 2720 1288 2767 parte
1315 2715 1349 2756 Ι.
1371 2723 1477 2769 pag.
1509 2721 1602 2762 129.

1751 2629 1779 2841 orninga-“5⁷¹³
1753 2589 1773 2617 ἐἰ
1756 2513 1767 2579 ’·ῡ“’-
1758 2442 1767 2469 ·’
