<?xml version="1.0" encoding="UTF-8"?>
<!DOCTYPE html PUBLIC "-//W3C//DTD XHTML 1.0 Transitional//EN"
    "http://www.w3.org/TR/xhtml1/DTD/xhtml1-transitional.dtd">
<html xmlns="http://www.w3.org/1999/xhtml" xml:lang="en" lang="en">
 <head>
  <title>
</title>
<meta http-equiv="Content-Type" content="text/html;charset=utf-8" />
  <meta name='ocr-system' content='tesseract 3.04.00' />
  <meta name='ocr-capabilities' content='ocr_page ocr_carea ocr_par ocr_line ocrx_word'/>
</head>
<body>
  <div class='ocr_page' id='page_1' title='image "./synopsiscriticoh00szvouoft_0257.png"; bbox 0 0 1779 3128; ppageno 0'>
   <div class='ocr_carea' id='block_1_1' title="bbox 672 206 855 224">
    <p class='ocr_par' dir='ltr' id='par_1_1' title="bbox 672 206 855 224">
     <span class='ocr_line' id='line_1_1' title="bbox 672 206 855 224; baseline 0.022 -4"><span class='ocrx_word' id='word_1_1' title='bbox 672 206 855 224; x_wconf 43' lang='grc' dir='ltr'><strong>ψ</strong></span> 
     </span>
    </p>
   </div>
   <div class='ocr_carea' id='block_1_2' title="bbox 673 227 856 238">
    <p class='ocr_par' dir='ltr' id='par_1_2' title="bbox 673 227 856 238">
     <span class='ocr_line' id='line_1_2' title="bbox 673 227 856 238; baseline 0 2890"><span class='ocrx_word' id='word_1_2' title='bbox 673 227 856 238; x_wconf 95' lang='lat' dir='ltr'> </span> 
     </span>
    </p>
   </div>
   <div class='ocr_carea' id='block_1_3' title="bbox 0 213 1464 2754">
    <p class='ocr_par' dir='ltr' id='par_1_3' title="bbox 0 213 1464 2754">
     <span class='ocr_line' id='line_1_3' title="bbox 1354 213 1449 263; baseline 0.032 -3"><span class='ocrx_word' id='word_1_3' title='bbox 1354 213 1449 263; x_wconf 78' lang='lat'>239</span> 
     </span>
     <span class='ocr_line' id='line_1_4' title="bbox 77 316 1454 382; baseline 0.001 -13"><span class='ocrx_word' id='word_1_4' title='bbox 77 318 297 369; x_wconf 86' lang='lat' dir='ltr'>dultum.</span> <span class='ocrx_word' id='word_1_5' title='bbox 381 316 498 366; x_wconf 90' lang='lat' dir='ltr'>Non</span> <span class='ocrx_word' id='word_1_6' title='bbox 550 321 782 379; x_wconf 83' lang='lat' dir='ltr'>curiosa,</span> <span class='ocrx_word' id='word_1_7' title='bbox 829 337 1004 382; x_wconf 87' lang='lat' dir='ltr'>nova,</span> <span class='ocrx_word' id='word_1_8' title='bbox 1063 331 1113 369; x_wconf 92' lang='lat' dir='ltr'>et</span> <span class='ocrx_word' id='word_1_9' title='bbox 1151 318 1454 370; x_wconf 86' lang='lat' dir='ltr'>admiratio-</span> 
     </span>
     <span class='ocr_line' id='line_1_5' title="bbox 77 397 1454 468; baseline 0.001 -19"><span class='ocrx_word' id='word_1_10' title='bbox 77 418 197 449; x_wconf 87' lang='lat' dir='ltr'>nem</span> <span class='ocrx_word' id='word_1_11' title='bbox 230 397 553 457; x_wconf 85' lang='lat' dir='ltr'>adferentia,</span> <span class='ocrx_word' id='word_1_12' title='bbox 604 397 696 446; x_wconf 90' lang='lat' dir='ltr'>sed</span> <span class='ocrx_word' id='word_1_13' title='bbox 738 401 884 448; x_wconf 88' lang='lat' dir='ltr'>utilia</span> <span class='ocrx_word' id='word_1_14' title='bbox 922 417 981 449; x_wconf 86' lang='lat' dir='ltr'>ac</span> <span class='ocrx_word' id='word_1_15' title='bbox 1018 402 1263 450; x_wconf 79' lang='lat' dir='ltr'>salutaria</span> <span class='ocrx_word' id='word_1_16' title='bbox 1286 438 1302 461; x_wconf 93' lang='lat'>,</span> <span class='ocrx_word' id='word_1_17' title='bbox 1358 419 1454 468; x_wconf 87' lang='lat' dir='ltr'>pro</span> 
     </span>
     <span class='ocr_line' id='line_1_6' title="bbox 77 476 1456 545; baseline 0.001 -16"><span class='ocrx_word' id='word_1_18' title='bbox 77 481 325 529; x_wconf 86' lang='lat' dir='ltr'><strong>concione</strong></span> <span class='ocrx_word' id='word_1_19' title='bbox 365 476 614 527; x_wconf 88' lang='lat' dir='ltr'>dicantur.</span> <span class='ocrx_word' id='word_1_20' title='bbox 683 479 742 526; x_wconf 90' lang='lat' dir='ltr'>In</span> <span class='ocrx_word' id='word_1_21' title='bbox 770 479 1175 545; x_wconf 82' lang='lat' dir='ltr'>reprehensione</span> <span class='ocrx_word' id='word_1_22' title='bbox 1205 483 1456 530; x_wconf 83' lang='lat' dir='ltr'>vitiorum</span> 
     </span>
     <span class='ocr_line' id='line_1_7' title="bbox 75 557 1455 627; baseline 0.001 -19"><span class='ocrx_word' id='word_1_23' title='bbox 75 569 348 618; x_wconf 86' lang='lat' dir='ltr'>caveatur,</span> <span class='ocrx_word' id='word_1_24' title='bbox 396 574 461 606; x_wconf 92' lang='lat' dir='ltr'>ne</span> <span class='ocrx_word' id='word_1_25' title='bbox 510 557 699 617; x_wconf 89' lang='lat' dir='ltr'>homo,</span> <span class='ocrx_word' id='word_1_26' title='bbox 748 557 839 606; x_wconf 88' lang='lat' dir='ltr'>sed</span> <span class='ocrx_word' id='word_1_27' title='bbox 875 572 1145 627; x_wconf 86' lang='lat' dir='ltr'>peccatum</span> <span class='ocrx_word' id='word_1_28' title='bbox 1196 564 1339 627; x_wconf 84' lang='lat' dir='ltr'>argui</span> <span class='ocrx_word' id='word_1_29' title='bbox 1375 563 1455 612; x_wconf 89' lang='lat' dir='ltr'>vi-</span> 
     </span>
     <span class='ocr_line' id='line_1_8' title="bbox 74 637 1456 697; baseline 0.002 -11"><span class='ocrx_word' id='word_1_30' title='bbox 74 638 272 687; x_wconf 88' lang='lat' dir='ltr'>deatur.</span> <span class='ocrx_word' id='word_1_31' title='bbox 359 637 526 686; x_wconf 91' lang='lat' dir='ltr'>Nemo</span> <span class='ocrx_word' id='word_1_32' title='bbox 576 637 956 697; x_wconf 89' lang='lat' dir='ltr'>nominandus,</span> <span class='ocrx_word' id='word_1_33' title='bbox 1002 640 1087 689; x_wconf 91' lang='lat' dir='ltr'>vel</span> <span class='ocrx_word' id='word_1_34' title='bbox 1125 643 1280 688; x_wconf 88' lang='lat' dir='ltr'>tacite</span> <span class='ocrx_word' id='word_1_35' title='bbox 1319 639 1456 689; x_wconf 89' lang='lat' dir='ltr'>desi-</span> 
     </span>
     <span class='ocr_line' id='line_1_9' title="bbox 74 718 1458 785; baseline 0.003 -19"><span class='ocrx_word' id='word_1_36' title='bbox 74 718 328 785; x_wconf 77' lang='lat' dir='ltr'>gnandus.</span> <span class='ocrx_word' id='word_1_37' title='bbox 415 720 474 767; x_wconf 92' lang='lat' dir='ltr'>In</span> <span class='ocrx_word' id='word_1_38' title='bbox 524 718 718 767; x_wconf 88' lang='lat' dir='ltr'>nullum</span> <span class='ocrx_word' id='word_1_39' title='bbox 759 718 1040 778; x_wconf 84' lang='lat' dir='ltr'>Ordinem,</span> <span class='ocrx_word' id='word_1_40' title='bbox 1096 720 1326 780; x_wconf 80' lang='lat' dir='ltr'>Statum,</span> <span class='ocrx_word' id='word_1_41' title='bbox 1367 732 1458 770; x_wconf 85' lang='lat' dir='ltr'>aut</span> 
     </span>
     <span class='ocr_line' id='line_1_10' title="bbox 0 784 1453 865; baseline 0 -17"><span class='ocrx_word' id='word_1_42' title='bbox 0 784 25 848; x_wconf 43' lang='lat'>,¹</span> <span class='ocrx_word' id='word_1_43' title='bbox 71 786 214 849; x_wconf 83' lang='lat' dir='ltr'>vitae</span> <span class='ocrx_word' id='word_1_44' title='bbox 252 816 441 865; x_wconf 88' lang='lat' dir='ltr'>genus,</span> <span class='ocrx_word' id='word_1_45' title='bbox 479 801 706 848; x_wconf 85' lang='lat' dir='ltr'>invectio</span> <span class='ocrx_word' id='word_1_46' title='bbox 743 799 849 848; x_wconf 85' lang='lat' dir='ltr'>fiat.</span> <span class='ocrx_word' id='word_1_47' title='bbox 921 800 966 848; x_wconf 90' lang='lat'>6.</span> <span class='ocrx_word' id='word_1_48' title='bbox 1006 798 1084 847; x_wconf 87' lang='lat' dir='ltr'>Ne</span> <span class='ocrx_word' id='word_1_49' title='bbox 1122 799 1357 848; x_wconf 88' lang='lat' dir='ltr'>Pastores</span> <span class='ocrx_word' id='word_1_50' title='bbox 1396 817 1453 848; x_wconf 89' lang='lat' dir='ltr'>a-</span> 
     </span>
     <span class='ocr_line' id='line_1_11' title="bbox 72 877 1457 944; baseline 0.001 -18"><span class='ocrx_word' id='word_1_51' title='bbox 72 881 329 926; x_wconf 82' lang='lat' dir='ltr'>nimarum</span> <span class='ocrx_word' id='word_1_52' title='bbox 366 879 497 926; x_wconf 89' lang='lat' dir='ltr'>festo</span> <span class='ocrx_word' id='word_1_53' title='bbox 536 877 620 926; x_wconf 92' lang='lat' dir='ltr'>die</span> <span class='ocrx_word' id='word_1_54' title='bbox 670 895 698 925; x_wconf 87' lang='lat' dir='ltr'>a</span> <span class='ocrx_word' id='word_1_55' title='bbox 738 878 982 926; x_wconf 85' lang='lat' dir='ltr'>Parochia</span> <span class='ocrx_word' id='word_1_56' title='bbox 1020 878 1223 938; x_wconf 88' lang='lat' dir='ltr'>absint,</span> <span class='ocrx_word' id='word_1_57' title='bbox 1275 896 1457 944; x_wconf 86' lang='lat' dir='ltr'>qvam-</span> 
     </span>
     <span class='ocr_line' id='line_1_12' title="bbox 79 958 1455 1026; baseline 0.001 -20"><span class='ocrx_word' id='word_1_58' title='bbox 79 974 235 1021; x_wconf 81' lang='lat' dir='ltr'>qvam</span> <span class='ocrx_word' id='word_1_59' title='bbox 275 958 469 1006; x_wconf 85' lang='lat' dir='ltr'>feriatis</span> <span class='ocrx_word' id='word_1_60' title='bbox 508 975 710 1023; x_wconf 80' lang='lat' dir='ltr'>qvoqve</span> <span class='ocrx_word' id='word_1_61' title='bbox 747 958 926 1007; x_wconf 89' lang='lat' dir='ltr'>diebus</span> <span class='ocrx_word' id='word_1_62' title='bbox 970 958 1148 1008; x_wconf 89' lang='lat' dir='ltr'>abesse</span> <span class='ocrx_word' id='word_1_63' title='bbox 1183 975 1298 1006; x_wconf 84' lang='lat' dir='ltr'>raro</span> <span class='ocrx_word' id='word_1_64' title='bbox 1334 976 1455 1026; x_wconf 90' lang='lat' dir='ltr'>pos-</span> 
     </span>
     <span class='ocr_line' id='line_1_13' title="bbox 77 1037 1457 1105; baseline 0.001 -21"><span class='ocrx_word' id='word_1_65' title='bbox 77 1040 211 1095; x_wconf 88' lang='lat' dir='ltr'>sint,</span> <span class='ocrx_word' id='word_1_66' title='bbox 249 1039 287 1083; x_wconf 85' lang='lat' dir='ltr'>si</span> <span class='ocrx_word' id='word_1_67' title='bbox 327 1038 588 1097; x_wconf 85' lang='lat' dir='ltr'>fideliter,</span> <span class='ocrx_word' id='word_1_68' title='bbox 641 1054 699 1086; x_wconf 87' lang='lat' dir='ltr'>ac</span> <span class='ocrx_word' id='word_1_69' title='bbox 755 1037 1034 1103; x_wconf 83' lang='lat' dir='ltr'>diligenter</span> <span class='ocrx_word' id='word_1_70' title='bbox 1070 1041 1216 1105; x_wconf 89' lang='lat' dir='ltr'>operi</span> <span class='ocrx_word' id='word_1_71' title='bbox 1252 1055 1342 1086; x_wconf 92' lang='lat' dir='ltr'>suo</span> <span class='ocrx_word' id='word_1_72' title='bbox 1377 1041 1457 1086; x_wconf 92' lang='lat' dir='ltr'>in-</span> 
     </span>
     <span class='ocr_line' id='line_1_14' title="bbox 77 1116 1454 1167; baseline 0.002 -3"><span class='ocrx_word' id='word_1_73' title='bbox 77 1119 206 1164; x_wconf 86' lang='lat' dir='ltr'>tenti</span> <span class='ocrx_word' id='word_1_74' title='bbox 244 1133 353 1164; x_wconf 87' lang='lat' dir='ltr'>esse</span> <span class='ocrx_word' id='word_1_75' title='bbox 389 1116 599 1165; x_wconf 88' lang='lat' dir='ltr'>volunt:</span> <span class='ocrx_word' id='word_1_76' title='bbox 638 1119 769 1167; x_wconf 83' lang='lat' dir='ltr'>Nam</span> <span class='ocrx_word' id='word_1_77' title='bbox 806 1123 1046 1165; x_wconf 74' lang='lat' dir='ltr'>horarum</span> <span class='ocrx_word' id='word_1_78' title='bbox 1089 1122 1454 1167; x_wconf 82' lang='lat' dir='ltr'>Canonicarum</span> 
     </span>
     <span class='ocr_line' id='line_1_15' title="bbox 74 1199 1454 1261; baseline 0.002 -18"><span class='ocrx_word' id='word_1_79' title='bbox 74 1201 340 1255; x_wconf 76' lang='lat' dir='ltr'>recitatio,</span> <span class='ocrx_word' id='word_1_80' title='bbox 377 1200 663 1245; x_wconf 74' lang='lat' dir='ltr'>Missarum</span> <span class='ocrx_word' id='word_1_81' title='bbox 694 1199 995 1259; x_wconf 78' lang='lat' dir='ltr'>celebratio,</span> <span class='ocrx_word' id='word_1_82' title='bbox 1028 1204 1353 1261; x_wconf 77' lang='lat' dir='ltr'>praeparatio</span> <span class='ocrx_word' id='word_1_83' title='bbox 1381 1202 1454 1246; x_wconf 80' lang='lat' dir='ltr'>ad</span> 
     </span>
     <span class='ocr_line' id='line_1_16' title="bbox 75 1280 1450 1340; baseline 0.002 -18"><span class='ocrx_word' id='word_1_84' title='bbox 75 1280 363 1336; x_wconf 71' lang='lat' dir='ltr'>conciones,</span> <span class='ocrx_word' id='word_1_85' title='bbox 403 1295 666 1340; x_wconf 80' lang='lat' dir='ltr'>aegrorum</span> <span class='ocrx_word' id='word_1_86' title='bbox 697 1282 955 1336; x_wconf 73' lang='lat' dir='ltr'>visitatio,</span> <span class='ocrx_word' id='word_1_87' title='bbox 993 1281 1297 1325; x_wconf 71' lang='lat' dir='ltr'>discordiam</span> <span class='ocrx_word' id='word_1_88' title='bbox 1335 1297 1450 1326; x_wconf 86' lang='lat' dir='ltr'>con-</span> 
     </span>
     <span class='ocr_line' id='line_1_17' title="bbox 77 1356 1456 1421; baseline 0.001 -18"><span class='ocrx_word' id='word_1_89' title='bbox 77 1358 304 1415; x_wconf 78' lang='lat' dir='ltr'>ciliatio,</span> <span class='ocrx_word' id='word_1_90' title='bbox 346 1373 406 1403; x_wconf 88' lang='lat' dir='ltr'>ac</span> <span class='ocrx_word' id='word_1_91' title='bbox 443 1356 882 1404; x_wconf 71' lang='lat' dir='ltr'>sacramentorum</span> <span class='ocrx_word' id='word_1_92' title='bbox 926 1362 1336 1417; x_wconf 77' lang='lat' dir='ltr'>admc&#39;m&#39;stratio‚</span> <span class='ocrx_word' id='word_1_93' title='bbox 1359 1361 1456 1421; x_wconf 88' lang='lat' dir='ltr'>fa-</span> 
     </span>
     <span class='ocr_line' id='line_1_18' title="bbox 77 1437 1458 1499; baseline 0.001 -16"><span class='ocrx_word' id='word_1_94' title='bbox 77 1439 169 1483; x_wconf 85' lang='lat' dir='ltr'>cile</span> <span class='ocrx_word' id='word_1_95' title='bbox 206 1453 371 1482; x_wconf 84' lang='lat' dir='ltr'>omnes</span> <span class='ocrx_word' id='word_1_96' title='bbox 407 1437 745 1490; x_wconf 77' lang='lat' dir='ltr'>hebdomadae</span> <span class='ocrx_word' id='word_1_97' title='bbox 780 1440 888 1484; x_wconf 79' lang='lat' dir='ltr'>dies</span> <span class='ocrx_word' id='word_1_98' title='bbox 923 1440 1252 1499; x_wconf 80' lang='lat' dir='ltr'>occupabunt.</span> <span class='ocrx_word' id='word_1_99' title='bbox 1331 1437 1458 1485; x_wconf 88' lang='lat' dir='ltr'>Por-</span> 
     </span>
     <span class='ocr_line' id='line_1_19' title="bbox 77 1514 1459 1584; baseline 0.003 -23"><span class='ocrx_word' id='word_1_100' title='bbox 77 1530 134 1561; x_wconf 86' lang='lat' dir='ltr'>ro</span> <span class='ocrx_word' id='word_1_101' title='bbox 173 1517 225 1560; x_wconf 93' lang='lat' dir='ltr'>in</span> <span class='ocrx_word' id='word_1_102' title='bbox 254 1514 419 1562; x_wconf 86' lang='lat' dir='ltr'>Sacris</span> <span class='ocrx_word' id='word_1_103' title='bbox 446 1516 740 1573; x_wconf 85' lang='lat' dir='ltr'>constituti,</span> <span class='ocrx_word' id='word_1_104' title='bbox 770 1514 914 1563; x_wconf 89' lang='lat' dir='ltr'>nullo</span> <span class='ocrx_word' id='word_1_105' title='bbox 944 1515 1023 1564; x_wconf 91' lang='lat' dir='ltr'>die</span> <span class='ocrx_word' id='word_1_106' title='bbox 1051 1515 1305 1566; x_wconf 85' lang='lat' dir='ltr'>Breviarii</span> <span class='ocrx_word' id='word_1_107' title='bbox 1329 1533 1459 1584; x_wconf 89' lang='lat' dir='ltr'>pen-</span> 
     </span>
     <span class='ocr_line' id='line_1_20' title="bbox 78 1594 1457 1660; baseline 0.002 -20"><span class='ocrx_word' id='word_1_108' title='bbox 78 1610 186 1640; x_wconf 88' lang='lat' dir='ltr'>sum</span> <span class='ocrx_word' id='word_1_109' title='bbox 223 1596 584 1643; x_wconf 78' lang='lat' dir='ltr'>intermittant.</span> <span class='ocrx_word' id='word_1_110' title='bbox 654 1608 702 1655; x_wconf 90' lang='lat'>7.</span> <span class='ocrx_word' id='word_1_111' title='bbox 737 1594 903 1642; x_wconf 86' lang='lat' dir='ltr'>Nemo</span> <span class='ocrx_word' id='word_1_112' title='bbox 945 1597 1200 1643; x_wconf 83' lang='lat' dir='ltr'>exorcizet</span> <span class='ocrx_word' id='word_1_113' title='bbox 1239 1611 1457 1660; x_wconf 87' lang='lat' dir='ltr'>energu-</span> 
     </span>
     <span class='ocr_line' id='line_1_21' title="bbox 77 1673 1455 1732; baseline 0.002 -12"><span class='ocrx_word' id='word_1_114' title='bbox 77 1690 324 1732; x_wconf 88' lang='lat' dir='ltr'>menum,</span> <span class='ocrx_word' id='word_1_115' title='bbox 370 1690 472 1721; x_wconf 90' lang='lat' dir='ltr'>non</span> <span class='ocrx_word' id='word_1_116' title='bbox 510 1674 721 1722; x_wconf 88' lang='lat' dir='ltr'>obtenta</span> <span class='ocrx_word' id='word_1_117' title='bbox 775 1674 837 1723; x_wconf 85' lang='lat' dir='ltr'>ab</span> <span class='ocrx_word' id='word_1_118' title='bbox 878 1673 1153 1722; x_wconf 86' lang='lat' dir='ltr'>Ordinario</span> <span class='ocrx_word' id='word_1_119' title='bbox 1190 1674 1455 1724; x_wconf 80' lang='lat' dir='ltr'>facultate.</span> 
     </span>
     <span class='ocr_line' id='line_1_22' title="bbox 77 1752 1458 1819; baseline -0.001 -17"><span class='ocrx_word' id='word_1_120' title='bbox 77 1753 247 1817; x_wconf 87' lang='lat' dir='ltr'>Atqve</span> <span class='ocrx_word' id='word_1_121' title='bbox 288 1764 401 1818; x_wconf 82' lang='lat' dir='ltr'>post</span> <span class='ocrx_word' id='word_1_122' title='bbox 438 1752 605 1811; x_wconf 85' lang='lat' dir='ltr'>hanc,</span> <span class='ocrx_word' id='word_1_123' title='bbox 643 1756 945 1819; x_wconf 82' lang='lat' dir='ltr'>investiget,</span> <span class='ocrx_word' id='word_1_124' title='bbox 986 1770 1049 1801; x_wconf 88' lang='lat' dir='ltr'>an</span> <span class='ocrx_word' id='word_1_125' title='bbox 1092 1770 1195 1818; x_wconf 86' lang='lat' dir='ltr'>non</span> <span class='ocrx_word' id='word_1_126' title='bbox 1234 1766 1340 1802; x_wconf 83' lang='lat' dir='ltr'>atra</span> <span class='ocrx_word' id='word_1_127' title='bbox 1378 1755 1458 1803; x_wconf 82' lang='lat' dir='ltr'>bi-</span> 
     </span>
     <span class='ocr_line' id='line_1_23' title="bbox 77 1830 1458 1897; baseline 0.001 -17"><span class='ocrx_word' id='word_1_128' title='bbox 77 1831 177 1890; x_wconf 89' lang='lat' dir='ltr'>lis,</span> <span class='ocrx_word' id='word_1_129' title='bbox 215 1832 411 1880; x_wconf 78' lang='lat' dir='ltr'>aliusve</span> <span class='ocrx_word' id='word_1_130' title='bbox 465 1832 677 1881; x_wconf 87' lang='lat' dir='ltr'>morbus</span> <span class='ocrx_word' id='word_1_131' title='bbox 701 1869 714 1891; x_wconf 97' lang='lat'>,</span> <span class='ocrx_word' id='word_1_132' title='bbox 763 1839 972 1897; x_wconf 60' lang='lat' dir='ltr'>aegrum</span> <span class='ocrx_word' id='word_1_133' title='bbox 1012 1830 1259 1881; x_wconf 79' lang='lat' dir='ltr'>divexet?</span> <span class='ocrx_word' id='word_1_134' title='bbox 1308 1834 1458 1882; x_wconf 85' lang='lat' dir='ltr'>Plura</span> 
     </span>
     <span class='ocr_line' id='line_1_24' title="bbox 80 1911 1458 1979; baseline 0.003 -20"><span class='ocrx_word' id='word_1_135' title='bbox 80 1929 285 1976; x_wconf 84' lang='lat' dir='ltr'>qvoqve</span> <span class='ocrx_word' id='word_1_136' title='bbox 322 1912 742 1979; x_wconf 85' lang='lat' dir='ltr'>praescribuntur</span> <span class='ocrx_word' id='word_1_137' title='bbox 786 1912 887 1969; x_wconf 88' lang='lat' dir='ltr'>ibi,</span> <span class='ocrx_word' id='word_1_138' title='bbox 940 1911 1090 1960; x_wconf 89' lang='lat' dir='ltr'>hodie</span> <span class='ocrx_word' id='word_1_139' title='bbox 1130 1924 1272 1961; x_wconf 82' lang='lat' dir='ltr'>extra</span> <span class='ocrx_word' id='word_1_140' title='bbox 1311 1931 1458 1963; x_wconf 80' lang='lat' dir='ltr'>usum</span> 
     </span>
     <span class='ocr_line' id='line_1_25' title="bbox 79 1990 1458 2058; baseline 0.001 -19"><span class='ocrx_word' id='word_1_141' title='bbox 79 1994 266 2056; x_wconf 85' lang='lat' dir='ltr'>posita.</span> <span class='ocrx_word' id='word_1_142' title='bbox 340 1999 385 2044; x_wconf 81' lang='lat'>8.</span> <span class='ocrx_word' id='word_1_143' title='bbox 423 1990 815 2056; x_wconf 86' lang='lat' dir='ltr'>Ludimagister</span> <span class='ocrx_word' id='word_1_144' title='bbox 857 2003 974 2040; x_wconf 88' lang='lat' dir='ltr'>ante</span> <span class='ocrx_word' id='word_1_145' title='bbox 1016 2004 1308 2058; x_wconf 84' lang='lat' dir='ltr'>susceptum</span> <span class='ocrx_word' id='word_1_146' title='bbox 1343 2012 1458 2041; x_wconf 89' lang='lat' dir='ltr'>mu-</span> 
     </span>
     <span class='ocr_line' id='line_1_26' title="bbox 78 2070 1459 2138; baseline 0.001 -19"><span class='ocrx_word' id='word_1_147' title='bbox 78 2088 170 2119; x_wconf 89' lang='lat' dir='ltr'>nus</span> <span class='ocrx_word' id='word_1_148' title='bbox 199 2108 214 2130; x_wconf 97' lang='lat'>,</span> <span class='ocrx_word' id='word_1_149' title='bbox 265 2070 386 2118; x_wconf 91' lang='lat' dir='ltr'>fidei</span> <span class='ocrx_word' id='word_1_150' title='bbox 434 2070 809 2138; x_wconf 85' lang='lat' dir='ltr'>professionem</span> <span class='ocrx_word' id='word_1_151' title='bbox 858 2087 1030 2120; x_wconf 89' lang='lat' dir='ltr'>coram</span> <span class='ocrx_word' id='word_1_152' title='bbox 1083 2071 1314 2121; x_wconf 88' lang='lat' dir='ltr'>Parocho</span> <span class='ocrx_word' id='word_1_153' title='bbox 1342 2073 1459 2121; x_wconf 47' lang='lat' dir='ltr'>*eli-</span> 
     </span>
     <span class='ocr_line' id='line_1_27' title="bbox 83 2148 1458 2217; baseline 0.001 -19"><span class='ocrx_word' id='word_1_154' title='bbox 83 2152 204 2198; x_wconf 86' lang='lat' dir='ltr'>ciat.</span> <span class='ocrx_word' id='word_1_155' title='bbox 274 2151 370 2197; x_wconf 89' lang='lat' dir='ltr'>Hic</span> <span class='ocrx_word' id='word_1_156' title='bbox 406 2166 533 2197; x_wconf 82' lang='lat' dir='ltr'>vero</span> <span class='ocrx_word' id='word_1_157' title='bbox 572 2148 845 2216; x_wconf 84' lang='lat' dir='ltr'>diligenter</span> <span class='ocrx_word' id='word_1_158' title='bbox 882 2150 1140 2216; x_wconf 58' lang='lat' dir='ltr'>invigilet,</span> <span class='ocrx_word' id='word_1_159' title='bbox 1179 2162 1234 2199; x_wconf 93' lang='lat' dir='ltr'>ut</span> <span class='ocrx_word' id='word_1_160' title='bbox 1268 2168 1458 2217; x_wconf 84' lang='lat' dir='ltr'>pueros</span> 
     </span>
     <span class='ocr_line' id='line_1_28' title="bbox 79 2227 1460 2296; baseline 0.001 -20"><span class='ocrx_word' id='word_1_161' title='bbox 79 2231 306 2277; x_wconf 88' lang='lat' dir='ltr'>instituat</span> <span class='ocrx_word' id='word_1_162' title='bbox 341 2231 391 2276; x_wconf 92' lang='lat' dir='ltr'>in</span> <span class='ocrx_word' id='word_1_163' title='bbox 429 2227 661 2277; x_wconf 85' lang='lat' dir='ltr'>doctrina</span> <span class='ocrx_word' id='word_1_164' title='bbox 700 2228 1015 2289; x_wconf 85' lang='lat' dir='ltr'>Christiana,</span> <span class='ocrx_word' id='word_1_165' title='bbox 1053 2233 1280 2296; x_wconf 85' lang='lat' dir='ltr'>pietate,</span> <span class='ocrx_word' id='word_1_166' title='bbox 1333 2231 1460 2278; x_wconf 89' lang='lat' dir='ltr'>Dei-</span> 
     </span>
     <span class='ocr_line' id='line_1_29' title="bbox 83 2294 1460 2376; baseline 0.001 -19"><span class='ocrx_word' id='word_1_167' title='bbox 83 2326 182 2372; x_wconf 88' lang='lat' dir='ltr'>qve</span> <span class='ocrx_word' id='word_1_168' title='bbox 219 2312 424 2357; x_wconf 88' lang='lat' dir='ltr'>timore.</span> <span class='ocrx_word' id='word_1_169' title='bbox 495 2294 630 2356; x_wconf 48' lang='lat' dir='ltr'>³Non</span> <span class='ocrx_word' id='word_1_170' title='bbox 681 2312 807 2357; x_wconf 87' lang='lat' dir='ltr'>ausit</span> <span class='ocrx_word' id='word_1_171' title='bbox 856 2308 995 2357; x_wconf 86' lang='lat' dir='ltr'>idem</span> <span class='ocrx_word' id='word_1_172' title='bbox 1045 2310 1220 2375; x_wconf 87' lang='lat' dir='ltr'>lingva</span> <span class='ocrx_word' id='word_1_173' title='bbox 1254 2310 1460 2376; x_wconf 82' lang='lat' dir='ltr'>vulgari</span> 
     </span>
     <span class='ocr_line' id='line_1_30' title="bbox 79 2388 1459 2454; baseline 0 -18"><span class='ocrx_word' id='word_1_174' title='bbox 79 2400 318 2446; x_wconf 85' lang='lat' dir='ltr'>cantare,</span> <span class='ocrx_word' id='word_1_175' title='bbox 367 2406 395 2436; x_wconf 91' lang='lat' dir='ltr'>a</span> <span class='ocrx_word' id='word_1_176' title='bbox 440 2389 643 2437; x_wconf 88' lang='lat' dir='ltr'>Vicario</span> <span class='ocrx_word' id='word_1_177' title='bbox 696 2405 798 2436; x_wconf 91' lang='lat' dir='ltr'>non</span> <span class='ocrx_word' id='word_1_178' title='bbox 837 2388 1198 2454; x_wconf 84' lang='lat' dir='ltr'>adprobatum.</span> <span class='ocrx_word' id='word_1_179' title='bbox 1283 2389 1459 2437; x_wconf 86' lang='lat' dir='ltr'>Proles</span> 
     </span>
     <span class='ocr_line' id='line_1_31' title="bbox 81 2467 1459 2532; baseline 0 -16"><span class='ocrx_word' id='word_1_180' title='bbox 81 2485 209 2516; x_wconf 89' lang='lat' dir='ltr'>vero</span> <span class='ocrx_word' id='word_1_181' title='bbox 247 2468 314 2516; x_wconf 89' lang='lat' dir='ltr'>ad</span> <span class='ocrx_word' id='word_1_182' title='bbox 351 2467 545 2516; x_wconf 88' lang='lat' dir='ltr'>scholas</span> <span class='ocrx_word' id='word_1_183' title='bbox 582 2484 684 2516; x_wconf 89' lang='lat' dir='ltr'>non</span> <span class='ocrx_word' id='word_1_184' title='bbox 723 2467 1029 2527; x_wconf 76' lang='lat' dir='ltr'>catholicas„</span> <span class='ocrx_word' id='word_1_185' title='bbox 1079 2472 1167 2532; x_wconf 86' lang='lat' dir='ltr'>qvi</span> <span class='ocrx_word' id='word_1_186' title='bbox 1204 2470 1459 2528; x_wconf 88' lang='lat' dir='ltr'>miserint,</span> 
     </span>
     <span class='ocr_line' id='line_1_32' title="bbox 85 2546 1462 2613; baseline -0.001 -17"><span class='ocrx_word' id='word_1_187' title='bbox 85 2558 298 2596; x_wconf 79' lang='lat' dir='ltr'>careant</span> <span class='ocrx_word' id='word_1_188' title='bbox 346 2546 699 2596; x_wconf 86' lang='lat' dir='ltr'>Ecclesiastica</span> <span class='ocrx_word' id='word_1_189' title='bbox 750 2547 1028 2613; x_wconf 84' lang='lat' dir='ltr'>sepultura.</span> <span class='ocrx_word' id='word_1_190' title='bbox 1116 2563 1163 2610; x_wconf 91' lang='lat'>9.</span> <span class='ocrx_word' id='word_1_191' title='bbox 1203 2547 1462 2596; x_wconf 87' lang='lat' dir='ltr'>Parochus</span> 
     </span>
     <span class='ocr_line' id='line_1_33' title="bbox 84 2626 1464 2693; baseline 0.001 -19"><span class='ocrx_word' id='word_1_192' title='bbox 84 2628 322 2692; x_wconf 85' lang='lat' dir='ltr'>iniungat</span> <span class='ocrx_word' id='word_1_193' title='bbox 374 2627 697 2692; x_wconf 76' lang='lat' dir='ltr'>parentibus,</span> <span class='ocrx_word' id='word_1_194' title='bbox 748 2638 798 2675; x_wconf 87' lang='lat' dir='ltr'>ut</span> <span class='ocrx_word' id='word_1_195' title='bbox 836 2626 1009 2693; x_wconf 78' lang='lat' dir='ltr'>proles</span> <span class='ocrx_word' id='word_1_196' title='bbox 1059 2643 1204 2676; x_wconf 85' lang='lat' dir='ltr'>orare</span> <span class='ocrx_word' id='word_1_197' title='bbox 1243 2626 1464 2675; x_wconf 73' lang='lat' dir='ltr'>doceant</span> 
     </span>
     <span class='ocr_line' id='line_1_34' title="bbox 1277 2722 1391 2754; baseline -0.009 0"><span class='ocrx_word' id='word_1_198' title='bbox 1277 2722 1391 2754; x_wconf 78' lang='lat' dir='ltr'>ora-</span> 
     </span>
    </p>
   </div>
  </div>
 </body>
</html>
