1779 3128
698 211 882 227 --·-
1378 197 1467 244 261

101 340 158 371 os
193 321 517 371 constituant.
609 322 655 370 6.
695 321 942 369 Rectores
982 337 1194 385 qvoqve
1231 317 1472 384 Capella-

102 420 245 458 rum,
282 415 440 466 penes
479 399 688 448 easdem
724 399 1002 448 resideant.
1075 416 1121 459 7.
1160 400 1469 464 Praepositis

102 483 258 530 etiam
293 490 452 543 atqve
493 478 778 528 Abbatibus
814 482 1163 546 praecipitur,
1202 490 1256 527 ut
1294 477 1473 526 Eccle-

99 564 224 617 siaS,
277 574 495 623 qvarum
535 560 708 608 titulos
745 572 965 625 gerunt,
1013 575 1189 609 curare
1243 576 1343 606 non
1382 574 1472 605 ne-

98 638 311 704 gligant.
391 645 435 691 8.
474 638 737 688 Beneficia
774 639 838 687 de
877 656 1013 687 novo
1051 639 1339 696 obtenturi,
1389 653 1471 686 ca-

97 722 340 766 nonicam
386 722 762 769 institutionem
819 730 998 784 petere
1062 735 1163 766 non
1221 722 1472 766 intermit-

98 808 227 848 tant.
301 815 348 863 9.
389 800 580 848 Provisi
628 800 691 848 de
734 815 1040 863 qvocunqve
1079 798 1342 846 Beneficio
1381 798 1475 846 Ec-

97 879 422 938 clesiastico,
473 880 593 928 fidei
630 878 1003 947 professionem
1058 877 1284 926 eliciant.
1355 877 1474 926 Per·

97 957 222 1006 inde
263 959 568 1018 Licentiati,
608 971 657 1007 et
692 957 1078 1024 Ludimagistri.
1155 973 1228 1006 10.
1268 957 1347 1004 De
1383 957 1476 1004 Pa·

97 1036 275 1086 rochia
312 1041 363 1086 in
404 1037 702 1087 parochiam
740 1041 1038 1096 transituri,
1076 1038 1280 1086 nonnisi
1323 1039 1475 1084 emis-

99 1133 153 1166 sa
188 1117 403 1184 perinde
452 1119 574 1166 fidei
629 1118 926 1168 Catholicae
976 1117 1335 1184 professione,
1391 1132 1473 1164 ca-

98 1199 339 1245 nonicam
391 1199 766 1247 institutionem
817 1200 1062 1262 conseqvi
1096 1200 1309 1263 possint.
1398 1211 1473 1246 11.

90 1274 336 1326 Facultas
375 1277 815 1337 Licentiatorum,
854 1277 921 1326 ad
958 1294 1118 1326 unum
1156 1288 1473 1325 tantummo-

99 1359 167 1405 do
204 1373 392 1405 annum
441 1360 674 1424 restricta
730 1368 857 1407 esto.
941 1357 1172 1422 Qvorum
1223 1355 1474 1423 obligatio

101 1439 231 1494 erit,
284 1435 614 1485 Sacerdotem
665 1437 899 1503 legitime
954 1434 1330 1502 adprobatum,
1379 1453 1473 1502 pro

101 1515 547 1564 administratione
575 1517 1020 1565 Sacramentorum
1049 1515 1325 1565 advocare.
1400 1531 1473 1567 ιν..

104 1594 290 1644 Cetera
338 1596 403 1643 ‹le
443 1595 839 1654 Parochiasum,
894 1596 1216 1659 aliorumqve
1267 1595 1474 1643 Benefi-
1544 1634 1546 1636 .

103 1678 296 1724 ciorum
336 1674 645 1742 adeptione,
693 1675 778 1725 vel
812 1677 1188 1740 resignatione,
1245 1693 1271 1723 e
1310 1676 1473 1741 Syno-

101 1754 168 1802 do
201 1757 319 1802 anni
359 1755 494 1815 1629.
533 1755 760 1820 petenda
789 1753 1146 1802 decernuntur.
1192 1769 1262 1813 13.
1305 1756 1477 1820 Qvae-

103 1852 306 1899 cunqve
343 1835 407 1882 de
444 1836 583 1890 vita,
623 1834 884 1891 moribus,
936 1850 992 1882 ac
1031 1832 1211 1891 studiis
1250 1833 1476 1883 Clerico-

99 1932 215 1964 rum
254 1917 305 1961 in
343 1916 642 1961 memoratis
686 1912 1093 1962 provincialibus
1133 1914 1378 1979 Synodis,
1417 1931 1474 1963 ac

101 1993 428 2042 Dioecesana
466 1994 586 2040 anni
630 1993 768 2054 1629.
819 1993 1028 2041 decreta
1063 2005 1207 2052 sunt,
1255 1997 1307 2042 in
1358 2010 1476 2061 pra-

100 2077 208 2122 xim
235 2075 468 2122 revocari
505 2073 761 2121 iubentur.
843 2089 916 2129 14.
960 2072 1179 2122 Perinde
1205 2073 1313 2137 illa,
1345 2090 1476 2137 qvae

101 2155 153 2200 in
192 2151 377 2200 iisdem
413 2153 477 2201 de
516 2153 968 2201 Sacramentorum
1013 2154 1476 2211 administratione,

102 2233 417 2296 cautelisqve
454 2236 507 2279 in
544 2231 637 2280 hac
671 2231 1038 2291 observandis,
1087 2236 1361 2281 constituta
1399 2232 1476 2280 fu-

104 2323 269 2361 erunt.
373 2312 728 2377 Qvamobrem
783 2316 1093 2378 praecipitur
1141 2311 1477 2361 Archidia00=

104 2393 219 2448 nis,
259 2402 313 2439 ut
361 2393 543 2440 eadem
581 2389 788 2440 decreta
827 2390 1048 2440 describi
1086 2403 1294 2450 curent,
1332 2410 1390 2441 ao
1426 2396 1476 2441 in

104 2471 204 2517 suis
243 2468 548 2519 districtibus
579 2470 905 2521 distribuant.
982 2487 1054 2531 15.
1094 2472 1178 2519 De·
1202 2472 1357 2520 Bonis
1383 2473 1477 2520 Ec-

105 2548 411 2608 clesiarum,
449 2566 505 2600 ac
545 2550 608 2601 de
646 2552 776 2608 illis,
829 2554 879 2598 in
932 2552 1114 2615 qvibus
1152 2552 1477 2601 reformatio-

107 2644 172 2678 ne
209 2645 336 2695 opus
374 2640 482 2692 est,
522 2632 738 2680 eaedem
777 2629 969 2697 Synodi
1007 2631 1356 2681 observentur.
1405 2631 1477 2681 16.

1289 2712 1413 2760 Moo
