1779 3128
669 208 854 239 -τ-ψ
1356 212 1451 261 255

74 327 190 375 tatis
229 341 375 381 casu,
414 322 610 386 absqve
639 324 1071 396 indultuxproprii
1101 322 1323 372 Pastoris
1361 322 1450 370 ab·

75 409 260 454 solvat.
339 417 410 461 13.
451 402 609 450 Casus
646 415 966 462 enarrantur,
998 420 1026 451 a
1068 403 1270 468 qvibus,
1294 418 1450 452 nemo

79 489 189 533 sine
225 482 486 532 Ordinarii
520 481 721 531 indultu
744 495 913 549 potest
941 484 1247 542 absolvere,
1272 483 1451 530 mortis

74 563 344 612 articulum
385 566 424 611 si
463 562 656 612 demaS.
725 564 835 610 Hos
867 563 1079 611 Parochi
1119 563 1208 610 sub
1247 565 1451 610 initium

72 643 502 709 qvadragesimae
528 643 717 710 populo
748 644 1095 701 denuncient,
1133 654 1184 690 ut
1204 679 1218 700 ‚
1257 645 1296 690 si
1322 658 1450 689 non-

69 739 224 772 nemo
263 726 546 790 cuiuspiam
588 741 648 771 ex
682 723 758 770 his
801 725 997 788 flagitio
1042 722 1450 770 commaculatus

70 815 237 861 esset,
276 803 339 851 de
379 803 610 851 remedio
660 803 867 851 salutari
918 804 1231 867 tempestive
1269 804 1448 866 provi-

72 882 195 931 dere
229 886 404 948 possit.
484 897 554 938 14.
593 883 835 930 Extrema
863 884 1064 941 unctio,
1100 883 1240 927 iuxta
1271 881 1451 927 Ritua-

69 961 131 1010 lis
162 962 284 1010 libri
337 962 557 1009 formam
607 960 999 1009 administretur
1030 997 1044 1017 ,
1100 958 1286 1007 adultis
1336 970 1450 1006 tan-

70 1053 208 1099 tum,
252 1053 301 1089 et
339 1041 631 1107 periculose
683 1039 1139 1100 decumbentibus,
1192 1041 1450 1097 acsetiam

71 1124 272 1168 ratione
311 1121 569 1168 destitutis
608 1119 681 1167 ob
734 1119 898 1166 morbi
946 1122 1053 1167 vim
1083 1156 1098 1179 ,
1151 1119 1273 1166 dum
1308 1129 1450 1166 recte

67 1210 460 1267 praesumuntur
490 1201 701 1264 petituri
725 1199 899 1247 fuisse.
981 1213 1057 1258 15.
1098 1197 1315 1246 Parochi
1342 1214 1455 1264 gra·

68 1281 205 1326 viter
243 1294 452 1343 aegros,
490 1280 696 1325 tametsi
729 1295 832 1326 non
866 1282 1039 1327 vocati
1075 1279 1291 1338 adeant3
1331 1295 1451 1326 con-

70 1358 334 1413 solentur;
386 1355 451 1404 ad
496 1348 844 1422 suscipienda>
878 1359 1208 1406 Sacramenta
1244 1375 1453 1424 permo-

67 1434 243 1486 veant.
313 1436 459 1485 Plebi
499 1435 891 1502 persvadeant,
926 1449 981 1486 ut
1019 1438 1084 1487 ad
1117 1441 1326 1504 gravius
1364 1453 1450 1486 ae-

14 1574 23 1586 ·
67 1515 359 1582 grotantem
408 1527 598 1564 vocent
649 1518 941 1565 animarum
988 1517 1270 1566 Pastorem.
1353 1518 1450 1566 Fa-

67 1597 266 1645 miliam
311 1613 439 1643 vero
489 1599 805 1662 aegrotantis
856 1595 1205 1657 admoneant,
1256 1609 1310 1644 ut
1354 1614 1450 1664 pro

70 1676 158 1723 illo
198 1677 369 1724 Deum
407 1687 616 1735 exoret,
666 1675 944 1740 eidemqve
993 1676 1296 1725 salutaribus
1337 1693 1449 1724 mo-

68 1759 188 1804 nitis
237 1765 512 1803 succurrat.
605 1756 680 1804 16.
729 1756 812 1803 Ad
862 1757 1038 1804 Sacros
1094 1755 1315 1804 Ordines
1359 1757 1448 1805 ille

70 1838 237 1884 solum
275 1834 612 1894 admittatur,
665 1852 822 1899 qvem
857 1833 1170 1884 Tridentina
1207 1835 1449 1902 Synodus

71 1917 317 1964 admittit.
421 1913 693 1980 Tempora
743 1912 1059 1963 ordinationi
1107 1918 1447 1983 praescripta,

71 1996 453 2044 observentur.¹
524 1992 758 2042 Ordinati
792 2031 806 2052 ,
854 1994 987 2043 libro
1041 1994 1299 2060 peculiari
1350 2012 1446 2060 per

67 2073 333 2123 Vicat-ium
371 2077 686 2122 inseruntor.
759 2073 979 2122 Parochi
1002 2077 1191 2122 ieiunia
1221 2086 1444 2138 qvatuor

68 2165 360 2220 temporum
397 2153 590 2219 populo
631 2153 992 2202 denunciaturi
1016 2191 1030 2212 ,
1067 2171 1279 2221 scopum
1309 2145 1444 2219 'qvo-
1476 2164 1478 2166 ’

70 2251 170 2298 qve
204 2234 408 2281 illorum
459 2232 594 2280 hunc
635 2250 743 2280 esse
782 2232 982 2280 dicant:
1036 2232 1104 2280 Ut
1151 2233 1253 2280 Dei
1300 2237 1444 2281 auxi-

48 2313 192 2360 ·lium
224 2313 562 2378 imploretur:
603 2323 711 2360 tum
750 2323 804 2360 ut
841 2313 1083 2378 Episcopi
1122 2314 1172 2359 in
1210 2311 1443 2379 deligen-

69 2390 147 2438 dis
194 2394 446 2440 Ministris
480 2430 495 2451 ,
559 2410 588 2440 a
635 2393 818 2440 Sancto
872 2393 1063 2458 Spiritu
1123 2390 1442 2458 dirigantur3

67 2482 207 2528 tum,
246 2482 298 2518 ut
335 2472 671 2522 consecrandi
710 2472 856 2522 donis
886 2472 1105 2539 Spiritus
1139 2472 1309 2521 Sancti
1349 2471 1439 2521 ad-

73 2550 404 2618 impleantur.

1095 2709 1145 2781 §.
1185 2711 1373 2763 xcix.
