1811 3128
673 197 861 214 ..-....
1393 197 1454 246 «³

88 323 194 362 tum
233 309 284 356 in
320 305 581 356 coelibatu
620 306 982 371 conseqvutis‚
1019 322 1231 357 uxorem
1262 308 1454 357 ducere

87 405 194 441 non
223 387 362 436 licet.
411 388 491 448 m)
564 391 681 449 Cap.
715 399 796 445 33.
823 385 1021 434 Uxores
1057 388 1454 455 Episcoporum‚

89 465 388 517 eorumdem
425 464 643 532 praedia
680 481 784 513 non
824 465 1070 515 incolant.
1108 467 1167 529 n)
1212 473 1328 529 Cap.
1367 481 1450 526 34.

83 547 132 595 si
184 562 337 610 qvem
388 545 674 610 Episcopus
734 547 1300 608 excommunicaverit,
1353 545 1452 594 hoc

84 624 248 691 Regi,
299 623 649 687 fratribusqve
698 626 836 682 suis,
882 640 979 689 per
1028 623 1203 672 literas
1241 626 1451 676 indicet.

83 704 142 766 o)
220 708 334 766 Cap.
366 717 447 762 55.
482 702 638 750 Extra
675 702 962 750 Ecclesiam
997 702 1172 753 dicere
1209 704 1451 763 Missam,

81 783 169 833 vel
215 782 394 832 audire
422 819 437 841 ‚
493 798 557 830 ne
604 782 782 830 liceat.
875 782 1208 850 Excipiunter
1257 794 1453 843 autem,

1252 862 1384 922 Rex,

137 993 206 1049 m)
237 994 323 1050 Qvi
355 994 512 1036 turbas
543 995 676 1036 novit
705 994 763 1035 ob
799 994 1017 1036 adursum
1050 1007 1074 1036 a
1097 993 1326 1050 Gregorio
1355 994 1451 1039 VH.

194 1063 319 1104 Cleri
352 1062 667 1111 coelibatum,
697 1076 783 1105 non
812 1063 1083 1111 mirabitur,
1112 1061 1257 1106 lenius
1289 1062 1372 1104 hac
1403 1063 1450 1104 in
1514 1066 1515 1069 ’

190 1144 242 1172 re
273 1143 469 1171 canones
510 1130 744 1171 Ecclesiae
784 1131 1108 1188 Hungaricae‚
1148 1139 1257 1171 tunc
1300 1131 1454 1184 dispo-

188 1198 353 1249 suisse3
385 1198 512 1238 iuxta
543 1197 803 1250 exemplum
835 1212 1009 1252 qvoqve
1041 1198 1166 1240 beati
1197 1198 1334 1254 Regis
1367 1198 1452 1239 La-

191 1265 332 1306 dislai
358 1294 374 1314 ,
415 1266 489 1319 qvi
531 1266 764 1309 decretor.
805 1265 887 1307 lib.
927 1266 961 1308 Ι.
1012 1279 1111 1319 cap.
1161 1280 1199 1320 3.
1243 1267 1452 1309 dixerat:

189 1334 481 1386 presbyteris
511 1343 659 1374 autem
679 1362 693 1382 ,
732 1339 808 1387 qvi
827 1339 972 1386 prima
1002 1344 1046 1374 et
1086 1337 1284 1387 legitima
1313 1337 1454 1376 duxe-

194 1417 245 1444 re
276 1408 504 1455 coniugia,
545 1403 820 1455 indulgentia
856 1403 916 1442 ad
941 1411 1117 1455 tempus
1154 1405 1314 1452 datur,
1349 1418 1458 1455 pro-

191 1482 296 1528 pter
328 1473 549 1511 vinculum
574 1475 734 1524 pacis,
766 1479 810 1511 et
837 1475 1052 1511 unitatem
1082 1476 1267 1524 spiritus
1297 1477 1461 1518 sancti,

195 1554 424 1596 quousque
452 1540 577 1580 nobis
606 1545 651 1580 in
688 1541 774 1579 hoc
813 1538 994 1579 Domini
1028 1537 1283 1592 Apostolici
1302 1530 1456 1592 pater-

193 1616 312 1651 nitas
341 1610 609 1649 consilietur.
669 1604 917 1648 Peterffius
949 1607 1135 1660 qvidem
1169 1608 1241 1661 pie
1274 1607 1456 1656 asserit,

196 1676 434 1734 indulgeri
465 1676 539 1718 hic
570 1675 715 1717 solam
748 1675 1144 1718 cohabitationem
1176 1675 1453 1720 fraternam:

193 1748 252 1787 At
281 1759 368 1802 ego
402 1745 446 1785 in
490 1758 538 1785 re
569 1753 662 1785 tam
706 1744 912 1786 delicata
942 1745 1163 1786 iudicium
1206 1746 1456 1798 suspendo,

195 1813 282 1854 hoc
325 1826 464 1853 unum
503 1813 708 1854 addens:
754 1812 1056 1854 Colomanum
1099 1814 1279 1867 penitus
1324 1816 1455 1855 obse-

197 1890 387 1935 qvutum
427 1878 687 1930 Pontifici,
738 1881 992 1924 decrevisse
1032 1881 1156 1922 libro
1198 1882 1256 1926 II.
1294 1881 1456 1939 legum

195 1963 378 1990 suarum
409 1963 509 2002 cap.
541 1963 583 2001 9.
607 1959 657 1990 ut
686 1952 835 1990 nullu&
862 1940 1112 2004 Epilicopus
1139 1954 1328 2004 aliquem
1352 1966 1459 2003 pro·

197 2027 372 2059 moveat
410 2018 680 2057 Clericorum
708 2020 769 2058 ad
792 2018 1088 2059 Diae-omnum
1108 2048 1123 2067 ,
1154 2028 1198 2059 et
1230 2011 1459 2066 ultra‚'m·-

194 2092 236 2126 si
256 2091 385 2139 prius
416 2091 723 2126 continentiam
753 2092 927 2127 voverit
946 2116 961 2136 ,
1012 2092 1051 2128 si
1079 2102 1266 2128 uxorem
1293 2088 1460 2128 habue-

195 2169 254 2195 ετ
285 2160 380 2195 eius
398 2156 485 2203 fiat
507 2168 725 2194 consensu
740 2184 756 2204 ,
782 2156 893 2195 iclem
917 2161 1238 2208 promittentis.
1270 2165 1317 2197 et
1346 2155 1456 2210 Cap.

195 2234 261 2266 ιο.
319 2223 483 2262 Nullus
514 2228 781 2275 coniugatus
805 2223 1056 2276 Presbyter
1074 2253 1088 2273 ,
1118 2234 1198 2264 aut
1228 2225 1459 2266 Diae-onus

193 2294 328 2331 altari
355 2291 607 2339 deserviat,
647 2296 733 2331 nisi
752 2297 881 2343 prius
912 2306 1056 2334 uxore
1086 2295 1383 2342 concedente,
1414 2302 1461 2334 et

194 2363 507 2399 continentiam
525 2369 729 2400 vovente.
752 2370 838 2401 etc.
895 2361 983 2402 Ubi
1007 2376 1160 2403 rursus
1183 2362 1329 2411 vides,
1347 2361 1460 2403 Sub-

199 2426 419 2468 diaconos
438 2427 693 2468 maioribus
713 2427 904 2469 Clericis
923 2442 1014 2470 non
1038 2430 1347 2474 adnumerari.
1404 2429 1460 2487 n)

198 2493 321 2536 Haec
351 2497 625 2538 constitutio
658 2495 813 2539 favere
843 2497 1029 2556 videtur
1056 2499 1294 2552 opinioni,
1326 2512 1461 2553 qvam

197 2562 256 2602 ad
296 2574 435 2617 caput
478 2578 542 2620 13.
584 2566 833 2620 depromsi.
923 2566 974 2623 ο)
1016 2554 1262 2608 Conforme
1295 2567 1342 2608 id
1374 2576 1462 2615 est,

198 2628 450 2675 hodiernae
479 2646 657 2689 qvoqve
687 2634 981 2690 disciplinae,
1003 2635 1052 2677 in
1075 2635 1287 2679 Ecclesia
1307 2637 1461 2692 Hung.

199 2698 391 2756 vigenti.
686 2697 690 2699 ’
