1779 3128
620 275 622 277 ‚
675 214 862 243 Ξ
1389 217 1454 267 33

650 321 700 392 ς.
770 325 887 374 x11.

318 445 476 506 Eius
517 447 842 505 Decretor.
886 447 1187 524 synopses.

201 606 347 656 Tam
391 607 480 656 ille
533 607 704 674 ampla
737 605 1006 674 praeditus
1041 619 1334 674 potestate,
1386 607 1452 661 de

20 749 27 754 .
69 689 318 746 consilio,
369 699 418 736 et
463 704 714 736 consensu
751 687 1345 755 Archi-Episcoporum,
1385 691 1452 739 E-

68 774 423 838 piscoporum,
444 768 764 827 Electorum,
790 778 948 833 atqve
981 767 1264 829 Abbatum,
1294 769 1447 818 Prae-

65 852 389 917 positorum,
438 847 969 906 Archidiaconorum,
1022 847 1288 908 Priorum,
1340 851 1449 897 Mi·

63 931 377 984 nistrorum,
416 926 734 987 Custodum,
774 926 1229 986 Guardianorum,
1268 928 1449 977 Pleba-

66 1024 290 1066 norum,
330 1006 744 1065 Canonicorum,
783 1007 1102 1067 Rectorum,
1141 1019 1192 1057 et
1230 1008 1448 1057 aliarum

0 1094 33 1144 ᾗ
67 1102 408 1154 personarum
445 1097 494 1134 et
543 1085 901 1146 Clericorum,
948 1102 1044 1135 nec
1088 1104 1190 1135 non
1230 1087 1447 1155 Capitu-

65 1165 239 1215 lorum
275 1177 380 1213 tam
417 1163 838 1224 Cathedralium,
882 1182 1038 1230 qvam
1092 1167 1312 1215 aliarum
1350 1169 1449 1216 Ec-

67 1244 349 1292 clesiarum
386 1243 760 1304 saecularium,
799 1254 849 1292 et
876 1245 1223 1310 regularium,
1253 1246 1447 1296 Cister-

67 1325 300 1381 ciensis,
363 1321 410 1371 S.
462 1320 776 1380 Benedicti,
834 1322 1444 1386 praemonstratensium,

63 1403 238 1451 Sancti
283 1403 592 1468 Augustini,
644 1398 1068 1461 praedicatorum
1099 1441 1114 1464 ,
1168 1415 1217 1453 et
1271 1407 1448 1459 Mino-

62 1499 212 1541 rum,
264 1497 321 1529 ac
368 1481 588 1529 aliorum
628 1480 884 1529 Ordinum
921 1494 1354 1549 congregatorum
1391 1488 1444 1535 in

66 1561 339 1620 Concilio,
392 1561 655 1609 celebrato
702 1563 753 1608 in
803 1559 986 1610 Castro
1021 1561 1252 1611 Budensi
1281 1600 1297 1622 ,
1344 1563 1447 1614 Ve-

63 1642 388 1707 sprimiensis
426 1640 726 1698 Dioecesis,
775 1652 825 1689 et
863 1638 947 1688 die
991 1657 1066 1698 14.
1103 1641 1446 1709 Septembris,

63 1736 202 1769 anno
241 1720 453 1767 Domini
483 1719 889 1769 MCCLXXIX.
929 1723 1241 1781 terminatO,
1281 1724 1334 1785 c)
1365 1740 1446 1772 se-

65 1801 281 1863 qventia
310 1797 572 1849 decrevit:
616 1815 657 1849 1.
694 1799 918 1848 Praelati
945 1800 1163 1850 aliorum
1192 1804 1242 1849 in
1270 1819 1445 1851 exem-

62 1878 242 1946 plum,
282 1895 562 1939 coronam,
601 1895 660 1928 ac
689 1890 987 1941 tonsuram,
1024 1892 1181 1946 prout
1213 1881 1445 1948 Regula-

62 1974 144 2005 res
183 1969 600 2018 consveverunt,
638 1958 933 2024 patentibus
964 1962 1176 2007 omnino
1214 1962 1444 2021 auribus,

62 2037 370 2085 circularem
416 2037 674 2087 deferant.
759 2055 803 2088 2.
853 2039 1108 2099 Praelati,
1164 2039 1439 2100 Canonici,

62 2115 296 2164 vestibus
333 2132 424 2165 suo
462 2119 617 2166 statui
655 2134 756 2165 non
794 2122 1064 2185 congruis,
1114 2118 1254 2168 haud
1292 2131 1440 2169 utan-

60 2204 162 2244 tur.
243 2209 292 2255 3.
340 2196 384 2244 A
422 2196 546 2244 luxu
584 2199 809 2245 vestium
842 2198 1152 2248 abstineant.
1234 2214 1282 2255 4.
1333 2200 1443 2248 An-

63 2273 212 2322 nulos
264 2275 487 2325 Praelati
537 2276 744 2337 solum,
793 2278 979 2342 qvibus
1029 2276 1083 2326 id
1131 2295 1193 2326 ex
1241 2278 1439 2339 officio,

64 2350 153 2400 vel
197 2355 530 2421 Apostolicae
577 2354 722 2405 Sedis
769 2355 973 2406 indultu
1024 2360 1303 2425 competit,
1350 2359 1442 2407 de-

1268 2438 1373 2486 fer·

124 2569 172 2629 c)
201 2576 270 2617 Ita
300 2576 345 2619 in
376 2578 470 2620 eius
500 2578 673 2636 Synodi
707 2580 996 2636 praefatione
1015 2612 1034 2634 ,
1076 2582 1200 2638 apud
1229 2578 1441 2639 Peterffy

177 2642 325 2685 Tomo
353 2646 390 2692 1.
427 2661 532 2705 pag.
561 2649 674 2691 mihi
710 2655 802 2695 106.

735 2719 775 2768 C
