1779 3128
661 220 843 238 ·-““““
1388 221 1452 269 43

69 333 318 391 minicos,
356 331 434 382 bis
472 329 807 382 manducent.
880 331 991 380 Ter
1027 343 1198 381 autem
1251 328 1315 378 de
1364 329 1449 378 die

71 413 243 460 nullus
295 429 473 460 eorum
525 412 795 470 comedat,
844 423 1050 479 praeter
1100 427 1318 478 aegros,
1372 409 1448 457 le-

73 503 269 540 ctorem
318 494 370 539 in
417 492 690 540 refectorio
719 528 734 550 ,
797 503 847 540 et
898 508 1102 558 puer05.
1196 490 1448 539 Canonici

70 571 370 638 regulares,
412 571 591 620 diebus
629 571 782 619 lunae
806 608 819 629 ,
859 587 916 620 ac
954 572 1232 628 mercurii,
1283 571 1448 618 carni-

72 649 169 700 bus
220 654 268 698 in
309 651 584 700 refectorio
621 667 714 698 nec
757 661 1063 708 vescantur,
1110 651 1207 696 nisi
1259 648 1450 709 festum

73 730 229 779 fuerit
280 748 467 778 novem
518 731 813 778 lectionum.
907 728 1178 776 Silentium
1217 730 1267 774 in
1308 727 1449 774 clau-

73 820 214 868 strO,
254 810 561 868 refectorio,
601 820 658 877 et⁸
686 807 1021 867 dormitorio,
1075 806 1212 854 horis
1260 809 1449 854 consti-

73 892 227 947 tutis,
261 890 345 937 ubi
382 889 563 937 saltem
600 899 701 936 tres
742 885 1023 944 Monachi,
1062 897 1148 934 aut
1198 885 1452 933 Canonici

73 969 337 1035 regulares
375 968 587 1027 fuerint,
618 967 940 1015 observetur.
1015 966 1095 1026 65.
1133 963 1321 1023 Iidem,
1354 981 1450 1013 nec

75 1051 184 1095 sine
222 1047 464 1105 licentia,
503 1063 567 1103 ne
594 1046 784 1110 absqve
825 1049 996 1105 socio,
1034 1055 1243 1112 praeter
1270 1061 1452 1092 neces-

73 1131 280 1174 sitatem
317 1129 449 1174 sacri
486 1128 755 1173 ministerii
796 1125 918 1173 soris
951 1124 1268 1192 peragendi,
1307 1136 1451 1172 extra

69 1206 385 1254 Monasterii
434 1216 581 1271 septa
641 1207 1041 1270 conspiciantur.
1129 1204 1210 1253 66.
1266 1202 1454 1263 Iidem,

73 1300 245 1355 neqve
293 1283 548 1332 Ecclesias
598 1282 664 1330 ad
710 1284 915 1331 firmam
964 1284 1022 1346 o)
1076 1285 1185 1330 sine
1240 1282 1478 1332 licentia

73 1352 365 1421 Praesulis,
413 1373 721 1428 acceptent,
770 1379 864 1410 nec
920 1361 1116 1427 absqve
1164 1361 1302 1423 hac,
1357 1362 1454 1410 Pa-

73 1441 382 1490 rochialium
414 1442 766 1490 Ecclesiarum
795 1441 1106 1508 Capellanos
1130 1453 1316 1508 agant3
1349 1458 1452 1489 non

77 1521 388 1570 celebraturi
425 1537 567 1569 secus
604 1521 822 1569 Missam
846 1558 861 1580 ,
908 1524 1006 1570 nisi
1042 1521 1234 1570 fuerint
1271 1538 1449 1569 rever·

75 1604 135 1649 si.
205 1602 282 1660 67.
322 1600 574 1666 Religiosi
611 1617 727 1650 cum
752 1600 995 1660 canibus,
1034 1612 1085 1649 et
1122 1600 1304 1650 avibus
1343 1617 1449 1649 non

75 1690 350 1729 venentur.
396 1718 400 1724 .
433 1680 581 1729 Ultra
619 1679 726 1729 dies
765 1691 881 1730 octo
910 1717 926 1740 ,
977 1680 1451 1729 in‘Parochialibus

72 1759 346 1820 Ecclesiis,
395 1759 590 1824 absqve
639 1760 950 1809 Dioecesani
1002 1763 1316 1818 autoritate,
1360 1776 1446 1807 ca-

72 1837 308 1906 pellanos
344 1838 482 1888 haud
523 1851 709 1907 agant,
759 1840 850 1889 sub
883 1827 1059 1907 ¹poena
1099 1841 1449 1905 suspensionis

74 1917 137 1965 ab
177 1917 412 1966 ordinum
451 1922 821 1983 exeqvutione.
907 1921 1010 1986 Qvi
1045 1930 1217 1968 autem
1254 1919 1456 1968 relictis

74 1997 346 2056 claustris,
385 1997 579 2063 absqve
620 1998 972 2048 Praelatorum
1025 2015 1234 2047 suorum
1284 1997 1448 2046 licen-

74 2079 182 2135 tia,
233 2075 299 2124 ad
349 2077 547 2126 scholas
595 2078 890 2145 proficisci,
936 2077 1022 2126 vel
1075 2075 1218 2126 aliud
1254 2079 1309 2125 in
1347 2076 1446 2138 his,

69 2167 275 2223 praeter
313 2155 752 2216 Grammaticam,
790 2157 1171 2224 Theologiam,
1226 2167 1311 2205 aut
1347 2157 1450 2204 Lo-

0 2299 2 2302 ·
71 2239 276 2302 gicam,
313 2239 366 2284 in
403 2236 589 2285 scholis
628 2237 960 2296 audiverint,
1013 2239 1296 2304 praemissa
1332 2253 1443 2284 mo-

72 2318 306 2377 nitione,
339 2320 868 2366 excommunicentur.
957 2318 1038 2371 63.
1075 2317 1317 2365 Vitentur
1360 2333 1447 2364 ex-

74 2399 463 2455 communicati;
490 2400 745 2446 sententia
774 2396 1048 2445 cuiuslibet
1075 2399 1297 2445 nominis
1322 2413 1444 2444 cen-

74 2489 223 2521 surae
243 2511 257 2533 ,
293 2493 386 2542 per
414 2477 701 2537 Praelatos,
741 2484 791 2526 et
820 2476 1080 2538 Clerico5‚
1118 2476 1243 2528 licet
1270 2493 1444 2524 exem-

1300 2567 1377 2605 tos

137 2656 178 2713 ⁴)
210 2657 421 2712 Explicat
461 2660 548 2705 hoc
588 2663 635 2707 in
672 2663 778 2706 Iure
818 2662 998 2719 privato
1040 2634 1167 2705 Ecci.
1208 2662 1358 2720 Hung.
1396 2655 1439 2716 ᾗ,

182 2737 279 2783 ⁴{387-
