1779 3128
241 230 334 277 io4
829 226 1010 261 ’ξ

228 340 369 390 tandi
395 379 409 402 ,
460 354 576 389 cum
624 354 877 410 perpetua
915 343 997 392 SS.
1055 343 1260 393 Patrum
1302 343 1597 406 traditione,

230 423 687 480 oecumenicorum
717 422 1063 472 Conciliorum
1092 423 1332 485 decretis,
1369 437 1417 473 et
1451 442 1599 493 aper-

226 503 291 548 tis
343 502 501 565 ipsius
549 500 730 549 Divini
780 503 925 551 verbi
977 507 1281 553 testimoniis
1338 508 1458 553 satis
1512 523 1597 554 ex-

226 579 438 644 plosae,
480 579 878 646 confutataeqve
914 585 1043 642 sint,
1097 588 1335 648 qvamvis
1375 585 1596 634 nonnul-

226 657 277 705 la
315 659 608 725 Scripturae
644 659 789 719 loca,
825 661 1060 710 authores
1091 667 1502 729 propositionum
1541 668 1593 713 in

227 754 367 787 suam
398 740 742 799 sententiam,
781 739 999 802 callida,
1041 752 1090 789 et
1127 741 1255 789 falsa
1286 746 1595 810 interpreta-

225 820 367 866 tione
394 816 766 882 detorqveant:
800 837 965 884 neqve
990 821 1157 868 desint
1184 823 1405 886 insignes
1429 822 1604 871 Theo-

225 897 353 963 logi,
392 902 481 961 qvi
511 898 601 946 has
625 911 796 965 partes
821 911 1025 947 strenue
1055 900 1406 964 exeqvantur3
1446 901 1599 955 Brae-

226 970 559 1025 de'cessorum
620 991 910 1026 nostrorum
969 982 1199 1044 vestigiis
1251 978 1599 1041 inhaerentes,

228 1059 314 1119 qvi
367 1060 417 1103 in
467 1057 759 1105 huiusmodi
809 1058 1008 1106 casibus
1071 1061 1300 1106 unanimi
1352 1058 1600 1117 Consilio,

225 1147 276 1182 et
313 1135 535 1201 Spiritu,
574 1140 752 1185 noxias
795 1135 1054 1185 doctrinas
1077 1174 1091 1196 ,
1144 1148 1193 1186 et
1229 1141 1285 1186 in
1322 1136 1425 1186 fide
1462 1140 1597 1204 peri-

225 1215 456 1274 culosas,
495 1216 935 1282 subscripserunt,
987 1221 1119 1266 sicut
1158 1235 1219 1265 ex
1255 1220 1453 1277 variis,
1502 1216 1595 1264 hu-

222 1296 301 1343 ius
349 1295 639 1361 Apostolici
689 1295 855 1362 Regni
903 1296 1173 1355 Comitiis,
1225 1307 1274 1345 ct
1330 1296 1597 1355 Conciliis,

225 1391 361 1438 qvae
411 1377 568 1422 variis
604 1376 959 1441 temporibUS,
1011 1385 1080 1424 et‘
1115 1376 1467 1424 occasionibus
1506 1373 1596 1422 ha-

224 1455 332 1503 bita
366 1454 610 1514 fuerunt,
659 1454 814 1520 plane
850 1457 1199 1521 perspicitur3
1245 1455 1346 1503 Dei
1384 1456 1594 1501 nomine

224 1538 496 1595 invocam,
550 1544 599 1581 et
649 1533 992 1599 praehabito,
1041 1551 1099 1581 ea
1145 1534 1349 1581 meliori
1404 1533 1603 1593 forma,-

225 1630 328 1679 qva
363 1630 458 1679 per
495 1616 780 1679 temporis,
820 1624 868 1660 et
904 1612 1006 1660 loci
1040 1612 1404 1661 difficultatem
1430 1612 1594 1670 licuit,

224 1692 462 1759 diligenti
511 1696 745 1740 examine
777 1727 791 1750 ,
847 1702 897 1740 et
946 1691 1321 1739 deliberatione
1370 1702 1593 1749 matura,

220 1790 340 1822 cum
376 1772 767 1820 Venerabilibus
814 1771 1071 1819 Fratribus
1123 1770 1456 1836 Coepiscopis
1504 1787 1607 1817 no·>

222 1855 369 1911 striS,
405 1851 735 1908 Abbatibus,
773 1851 1107 1916 praepositis,
1147 1849 1416 1915 Capitulis,
1459 1844 1597 1896 aliis-

221 1948 324 1994 qve
364 1931 712 1997 compluribus
744 1929 1070 1996 Theologiae
1114 1928 1513 1987 Professoribus,
1545 1939 1596 1976 et

219 2012 496 2059 Sacrorum
534 2009 799 2058 Canonum
847 2011 1060 2057 scientia
1095 2007 1473 2074 praestantibus
1516 2010 1595 2055 vi-

217 2094 287 2138 ris
309 2127 323 2150 ,
361 2088 622 2157 praefatas
657 2099 876 2153 qvatuor
911 2089 1323 2154 propositiones,
1378 2086 1594 2152 configi·

218 2186 364 2227 mus,
407 2180 457 2217 et
491 2167 891 2235 proscribimus,
931 2177 981 2214 et
1019 2168 1270 2214 universis
1309 2167 1450 2213 istius
1490 2165 1593 2214 Re-

218 2252 306 2316 gni
344 2246 782 2297 Christifidelibus
813 2244 1200 2303 interdicimus,
1249 2261 1307 2292 ac
1344 2243 1592 2310 prohibe-

219 2345 370 2386 mus,
423 2345 488 2375 ne
521 2344 607 2375 eas
643 2327 852 2393 legere,
900 2326 988 2373 vel
1025 2336 1235 2385 tenere,
1288 2324 1451 2372 multo
1493 2326 1591 2371 mi·

215 2424 311 2456 nus
351 2406 538 2455 docere
573 2406 832 2463 audeant,
870 2404 1036 2453 donec
1075 2421 1229 2470 super
1269 2405 1340 2452 eis
1377 2404 1596 2470 prodie-

217 2491 282 2536 rit
320 2486 593 2535 infallibile
629 2485 962 2552 Apostolicae
1001 2484 1144 2532 Sedis
1181 2483 1444 2531 oraculum
1467 2520 1481 2542 ,
1524 2482 1592 2531 ad

219 2583 374 2631 qvam
410 2567 571 2614 solam
608 2566 803 2614 Divino
829 2564 1138 2613 immutabili
1164 2563 1441 2630 privilegio
1473 2581 1591 2630 spe-

217 2657 354 2699 ctat,
390 2643 455 2693 de
493 2646 857 2693 controversiis
898 2642 1018 2692 fidei
1056 2643 1316 2698 iudicare:
1356 2645 1431 2692 cui
1459 2660 1589 2708 xpro·

1382 2734 1521 2791 pter·-
