1779 3128
855 237 1040 258 ᾖ

265 250 365 315 241

259 353 604 405 Benedictum
669 350 1129 419 Archiepiscopum
1193 348 1627 416 Strigoniensem'3

262 433 579 500 Stephanum
629 429 987 490 Cardinalem,
1034 431 1349 495 Episcopum
1402 429 1626 477 Praene·
1681 438 1684 441 '

262 515 484 567 stinum3
537 520 586 558 et
635 522 850 558 vacante
899 520 1115 576 protunc
1164 507 1293 556 Sede
1331 507 1635 568 Colocensi,

258 590 602 639 Lambertum
651 582 994 654 Agriensein,
1044 588 1373 653 Heymonem
1406 586 1628 634 Vacien-

258 685 399 726 sem,
438 666 652 716 Gallum
689 665 1255 733 Transylvaniensem,
1295 664 1627 713 Vincentium

255 745 660 805 Varadiensem,
701 745 993 812 Philippum
1038 745 1472 811 Zagrabicnsem,
1506 743 1629 792 Bla-
1684 752 1685 755 ’

257 829 389 874 sium
436 824 880 884 Chanadiensem,
934 824 1220 872 Oliverium
1255 823 1627 889 Syrmiensem,

256 904 474 952 Paulum
503 903 1182 969 Qvinqve-Ecclesiensem,
1222 902 1493 950 Nicolaum
1531 902 1622 950 Ni·

253 986 531 1042 triensem,
581 981 912 1030 Homodeum
964 980 1356 1041 Jaurinensem,
1406 982 1624 1030 Paulum

252 1060 724 1127 Vesprimiensem3
761 1050 1029 1108 Bosniensi
1066 1070 1238 1107 autem
1270 1059 1399 1108 Sede
1431 1077 1624 1108 vacan-

253 1151 333 1197 te,
373 1138 643 1194 nonnullos
694 1141 902 1204 insuper
940 1138 1301 1204 Praepositos,
1355 1155 1412 1187 ac
1444 1138 1622 1188 Abba-

251 1231 382 1267 tes..
434 1216 634 1282 Qvibus
681 1217 888 1265 insimul
937 1217 1202 1277 collectis,
1253 1218 1399 1266 litem
1437 1220 1618 1266 asserit

251 1295 486 1363 Pe‘terffy
538 1295 693 1343 fuisse
741 1294 1000 1354 decisam,
1025 1298 1028 1300 ’
1051 1312 1184 1360 qvae
1220 1299 1396 1361 paucis
1432 1295 1621 1344 abhinc

250 1379 396 1424 annis
443 1386 700 1423 exarserat
745 1377 879 1423 inter
926 1373 1211 1422 Zelandum
1262 1374 1618 1441 Vesprimien-

249 1473 359 1503 sem
409 1455 724 1520 Episcopum
755 1490 769 1512 ,
819 1464 868 1501 et
916 1453 1147 1501 Blasium
1193 1454 1498 1502 Monasterii
1551 1453 1619 1501 de

248 1533 376 1582 Zala
426 1533 822 1581 Benedictinum
877 1531 1164 1590 Abbatem,
1220 1543 1433 1597 propter
1481 1532 1619 1579 limi-

246 1625 322 1661 tes
361 1611 751 1668 parochiarum,
801 1628 927 1675 qvos
977 1611 1126 1659 ambo
1174 1613 1270 1658 iuri
1323 1602 1412 1659 suo
1446 1610 1618 1659 vindi-

243 1692 471 1747 cabant,
510 1689 762 1757 producto
802 1691 846 1738 S.
879 1688 1124 1755 Stephani
1164 1689 1321 1756 Regis
1359 1688 1614 1755 diploma-

245 1781 330 1831 te,
371 1769 512 1835 qvod
547 1786 681 1818 anno
710 1768 896 1817 Christi
929 1784 1069 1831 1009.
1101 1772 1357 1835 signatum
1381 1780 1505 1819 erat.
1532 1769 1612 1832 m)

810 1896 859 1966 ς.
929 1899 1043 1948 vit.

781 2018 1084 2077 Crisia

373 2167 442 2217 At
474 2183 600 2215 vero
634 2165 784 2232 plura
820 2167 873 2213 in
909 2164 1004 2214 hac
1041 2166 1269 2215 Pe'terffii
1308 2167 1604 2215 narratione

242 2245 516 2312 displicent
566 2244 872 2308 qvibusdam
921 2245 1151 2293 eruditis.
1237 2245 1525 2303 Nimirum,
1566 2248 1607 2293 si

240 2329 321 2374 vir
357 2325 708 2380 doctissimUS,
758 2335 811 2371 ut
849 2326 957 2390 ipse
1004 2325 1224 2383 fatetur,
1274 2325 1433 2372 solam
1471 2325 1608 2372 cele-

239 2404 418 2453 bratae
456 2402 648 2468 Synodi
684 2406 1020 2462 memoriam,
1061 2421 1120 2451 ex
1157 2419 1365 2462 arroso,
1405 2414 1453 2450 et
1477 2398 1606 2469 *par-

238 2492 289 2531 te
327 2486 403 2530 sui
438 2499 539 2530 non
588 2485 803 2547 exigua,
853 2484 1036 2530 vitiato
1087 2481 1403 2548 diplomate,
1439 2484 1610 2547 potuit

1424 2578 1539 2608 eru-

285 2665 357 2721 m)
388 2666 459 2708 Ita
487 2662 693 2720 Peterff'y
723 2664 796 2709 cit,
828 2676 900 2719 op.
924 2673 1056 2719 parte
1085 2666 1118 2706 Ι.
1147 2678 1250 2723 pag.
1271 2675 1338 2719 37.
1363 2678 1456 2721 seq.
1483 2665 1602 2707 edit.

346 2733 513 2776 Poson.
