1779 3128
299 236 389 291 138
879 238 1063 254 ““““··”·

294 370 424 419 pore
462 350 623 399 vetito
666 365 729 397 ne
770 346 1171 400 administretur.
1241 348 1404 399 Trina
1441 347 1670 416 promul-

295 434 436 499 gatio
475 431 564 478 fiat
613 446 946 494 sponsorum,
995 442 1203 497 praeter
1249 448 1392 480 casus
1444 448 1537 496 per
1572 430 1667 496 Sy-

295 508 491 558 nodum
529 506 896 558 Tridentinam
928 521 1185 576 exceptos.
1255 509 1560 558 Solemnitas
1588 526 1666 558 es·

296 588 525 637 sentialis
562 591 878 637 matrimonii
915 589 1232 637 observetur.
1323 589 1546 637 Nomina
1582 605 1668 637 co·
1723 601 1727 604 ·

293 667 588 735 pulatorum
625 684 682 715 ac
715 671 955 729 testium3
993 685 1156 726 annus
1190 686 1432 733 qvoqve,
1471 668 1580 718 dies
1618 680 1670 718 et
1736 721 1740 730 ,

293 747 467 806 locus,
515 745 773 795 destinato
809 745 876 796 ad
913 748 965 795 id
999 747 1134 796 libro
1170 750 1476 797 inserantur.
1565 749 1669 797 Va-

294 829 379 893 gi,
425 837 605 875 contra
640 827 905 876 decretum
939 824 1308 875 Tridentinum
1335 864 1349 885 ,
1399 845 1462 874 ne
1511 846 1667 894 copu-

295 906 488 955 lentur.
574 907 712 956 Haec
766 923 891 954 vero
950 905 1279 964 solemnitas,
1331 909 1383 953 in
1437 907 1670 955 Ecclesia

294 998 590 1054 peragatur.
692 1001 764 1033 lo.
816 984 929 1032 Fiat
982 984 1162 1050 populi
1221 984 1546 1045 cohortatio,
1607 987 1672 1035 ad

295 1065 676 1130 suscipiendum
712 1066 1061 1130 poenitentiae
1091 1064 1501 1113 Sacramentum.
1573 1065 1668 1112 Pa-

295 1142 441 1192 rochi
488 1160 614 1211 vero
650 1154 857 1201 curent,
910 1153 964 1190 ut
1004 1145 1139 1190 circa
1185 1142 1407 1202 Pascha,
1458 1143 1671 1192 confite-

296 1233 481 1280 antur,
518 1233 568 1269 et
606 1225 988 1270 communicent
1024 1236 1220 1271 omnes.
1289 1222 1384 1280 Et,
1425 1222 1511 1270 ubi
1549 1223 1668 1269 Mo-

294 1304 516 1350 nasteria
566 1312 727 1361 sunt,
779 1301 1000 1366 populus
1049 1312 1320 1349 moneatur
1351 1338 1365 1360 ,
1418 1312 1471 1349 ut
1531 1305 1667 1349 circa

296 1379 495 1429 Pascha
531 1382 583 1428 in
615 1396 704 1427 sua
742 1379 1022 1438 Parochia,
1072 1378 1444 1429 Eucharistiam
1484 1391 1670 1429 sumat.

304 1475 379 1508 11.
416 1458 737 1508 Eucharistia
773 1459 948 1517 laicis,
983 1470 1033 1507 et
1070 1458 1281 1507 Clericis
1319 1458 1550 1507 nondum
1589 1476 1671 1507 ce-

300 1539 656 1597 lebrantibus,
710 1538 800 1586 sub
849 1541 997 1586 unica
1045 1541 1218 1604 specie
1255 1541 1402 1604 panis
1440 1541 1670 1603 porriga-

302 1629 401 1667 tur.
471 1617 684 1666 Ablutio
723 1629 895 1666 autem
934 1621 983 1665 in
1030 1634 1153 1666 vase
1201 1616 1442 1665 distincto
1483 1617 1546 1666 ab
1585 1617 1670 1664 Sa-

298 1695 519 1745 cerdotis
558 1697 747 1755 calice,
800 1694 981 1755 detur,
1031 1714 1095 1745 ne
1133 1696 1355 1763 populus
1400 1699 1674 1754 existimet,

295 1793 349 1823 se
383 1774 757 1833 Eucharistiam
806 1776 896 1824 sub
943 1779 1117 1843 specie
1167 1779 1278 1824 Vini
1317 1778 1567 1824 sumsisse.
1606 1775 1664 1838 i)

308 1868 382 1904 12.
423 1854 637 1903 Parochi
672 1854 851 1903 diebus
893 1855 1036 1904 festis
1077 1855 1204 1904 hora
1237 1857 1520 1905 constituta
1559 1865 1677 1920 post

297 1933 607 1993 meridiem,
658 1937 827 2000 pueris
874 1951 933 1983 ac
970 1936 1157 2001 puellis
1196 1934 1539 1983 Christianam
1579 1932 1671 1981 do-

303 2016 522 2063 ctrinam
570 2013 863 2079 explanent.
949 2014 1121 2062 Proles
1173 2029 1540 2061 suas.eorsum
1592 2011 1671 2060 di-

298 2096 503 2142 mittere
540 2094 805 2153 nolentes,
841 2094 1202 2142 Ecclesiastica
1234 2109 1405 2160 poena
1437 2091 1669 2157 compel-

594 2170 597 2173 ’
1493 2171 1604 2218 lan-

353 2316 400 2374 i)
431 2318 607 2359 Morem
640 2319 762 2372 apud
804 2331 884 2360 nos
915 2317 1184 2375 porrigendi
1226 2314 1358 2357 laicis
1390 2315 1669 2358 Eucharisti-

409 2399 481 2426 am
523 2386 602 2426 sub
645 2396 836 2441 utraqve
877 2388 1059 2439 specie,
1105 2385 1324 2438 descripsi
1368 2384 1589 2424 historice
1623 2383 1669 2424 in

409 2454 635 2494 Amoenit.
667 2454 781 2496 Hist.
814 2454 937 2495 Eccl.
970 2455 1022 2494 R,
1053 2455 1202 2510 Hung.
1238 2453 1403 2495 Fascio.
1452 2453 1511 2496 11.
1542 2465 1665 2493 num.

409 2520 468 2562 Π.
511 2519 550 2577 §.
595 2523 810 2563 secundo.
886 2523 966 2565 Est
1013 2520 1125 2562 haec
1164 2519 1412 2575 Synodolis
1446 2520 1670 2560 constitu-

411 2590 511 2637 tio,
542 2598 759 2642 qvantum
791 2603 876 2645 ego
910 2589 1045 2638 novi,
1087 2589 1286 2630 omnium
1319 2588 1513 2637 ultima,
1557 2599 1668 2641 qvae,

412 2669 589 2700 morem
618 2657 753 2698 illum
786 2658 934 2699 denuo
967 2657 1260 2713 prohibebat.

1774 1629 1779 1727 1
