1779 3128
316 206 404 254 ³82
901 213 1084 230 ---

310 323 389 368 nis
425 318 814 387 impedimento.
886 330 932 377 8.
971 323 1238 390 Tempore
1275 324 1549 374 interdicto
1589 343 1676 375 co.-

309 400 588 464 pulantes,
650 418 875 466 poenam
935 408 1276 470 suspensionis
1329 407 1392 453 ab
1442 409 1671 471 ingressu

306 476 602 537 Ecclesiae,
653 482 930 531 incurrant.
1013 484 1336 549 Accipientes
1380 488 1673 550 qvippiam,

308 572 403 621 pro
443 554 559 603 data
599 556 847 607 facultate
883 565 1081 627 nuptias
1118 574 1350 627 tempore
1393 567 1549 611 vetito
1587 580 1673 611 ce·
1715 587 1717 598 ι

304 634 575 696 lebrandi,
614 637 947 686 Simoniaeam
991 644 1294 705 pravitatem
1326 645 1668 690 committunt.

306 716 365 761 ln
413 732 538 779 qvos
588 718 799 781 proinde
853 721 1153 782 inqvirant,
1203 721 1382 783 qvibus
1433 719 1670 770 visitandi
1740 727 1741 730 ’

307 808 431 840 onus
468 795 752 853 incumbit,
794 813 984 861 eosqve
1021 797 1301 863 Episcop0‚
1344 798 1432 845 vel
1468 799 1670 846 Vicario

304 871 630 922 denuncient.
701 875 913 923 Famam
945 876 1079 924 Cleri
1118 893 1289 924 coram
1326 877 1672 924 saecularibus

304 949 634 1011 lacerantes,
693 970 1006 1018 qvamqvam
1063 954 1247 1002 Clerici
1308 966 1357 1002 et
1410 957 1507 1020 ipsi
1553 958 1671 1014 sint,

301 1045 396 1094 per
434 1030 1010 1091 Vice-ArchidiaconOS,
1048 1031 1430 1080 Archidiacono
1469 1031 1664 1081 denun-

306 1110 536 1167 cientur,
573 1109 636 1157 ab
664 1109 760 1157 hoc
794 1114 844 1158 in
871 1111 1230 1177 Episcopalem
1259 1115 1514 1159 carcerem
1545 1129 1667 1160 con-

299 1188 518 1238 jiciendi.
614 1190 671 1236 In
720 1190 992 1238 Beneficiis
1052 1193 1306 1249 instituti,
1359 1191 1485 1238 haec
1534 1192 1669 1239 infra

302 1269 604 1325 triennium,
656 1280 1020 1333 praeterqvam
1070 1287 1130 1316 ex
1185 1273 1343 1317 causis
1400 1269 1664 1335 legitimis,

304 1344 370 1393 ab
412 1345 684 1393 Ordinario
722 1346 1028 1413 probandiS,
1079 1348 1368 1412 relinqvere
1405 1366 1506 1396 non
1547 1366 1667 1414 pos-

302 1435 432 1472 sunt.
504 1440 549 1486 9.
592 1426 898 1490 Qvicunqve
934 1427 1120 1486 laicus,
1167 1426 1454 1474 interdictis
1494 1443 1521 1474 a
1557 1431 1666 1476 iure

299 1504 616 1569 temporibus
654 1508 1033 1552 matrimonium
1071 1521 1401 1563 consumare,
1457 1506 1542 1552 vel
1580 1523 1666 1554 ce-

298 1581 502 1631 lebrare
540 1584 888 1631 solemnitates
943 1587 1234 1650 nuptiarum
1282 1588 1666 1649 praesumserit,

297 1661 594 1727 Episcopali
634 1678 898 1720 camerae,
937 1661 1118 1709 decem
1158 1663 1381 1710 florenos
1418 1667 1545 1722 auri,
1577 1664 1664 1711 vel

296 1743 413 1808 plus
450 1745 685 1789 minusve
730 1758 822 1806 pro
867 1745 967 1788 suis
1019 1741 1339 1789 facultatibus
1375 1741 1661 1806 persolvat,

298 1832 348 1868 et
392 1820 716 1867 nihilominus
764 1820 1010 1868 absolutio
1061 1818 1345 1868 huiusmodi
1409 1836 1664 1879 excessus,

295 1899 594 1965 Episcopali
641 1896 755 1946 Sedi
805 1910 1113 1947 reservatur.
1206 1913 1276 1946 10.
1321 1899 1662 1946 Matrimonio

294 1981 429 2027 trina
455 1978 828 2045 promulgatio,
867 1979 955 2025 sub
984 1994 1152 2043 poena
1178 1979 1523 2042 suspensionis
1550 1980 1663 2042 ipso

293 2063 403 2107 iure
441 2056 779 2114 incurrenda,
830 2059 1218 2122 praemittatur,
1269 2066 1482 2120 excepto
1520 2072 1660 2114 casu,

294 2140 333 2185 si
375 2153 624 2202 personae
661 2134 1076 2200 coniungendae,
1117 2133 1310 2183 nobiles
1348 2145 1547 2193 essent,
1600 2150 1662 2182 ac

293 2227 478 2275 notae3
531 2231 634 2280 qvo
687 2231 812 2291 casu⁸
842 2211 1192 2263 testimonium
1228 2223 1532 2277 parentum,
1570 2211 1659 2258 vel

295 2305 658 2359 cognatorum,
697 2311 850 2360 super
878 2291 1231 2359 impedimenti
1256 2290 1489 2338 nullitate
1509 2327 1523 2348 ,
1556 2290 1660 2337 suf-

295 2373 469 2420 ficiens
507 2383 631 2421 esto,
724 2387 797 2422 11.
835 2372 1029 2420 Mulier
1064 2371 1128 2419 ad
1163 2370 1473 2417 altare'non
1511 2372 1658 2418 mini-

294 2461 436 2499 stret.
508 2451 647 2499 Istud
682 2450 883 2500 mundis
908 2461 1108 2516 tegatur
1136 2449 1333 2508 linteis,
1374 2466 1504 2512 qvae
1541 2466 1658 2497 cum

291 2531 690 2580 sacerdotalibus
730 2533 1046 2579 vestimentis
1098 2529 1279 2578 saltem
1324 2528 1402 2578 bis
1438 2545 1532 2594 per
1567 2545 1656 2576 an-

292 2628 413 2661 num
449 2611 706 2660 laventur.
789 2610 928 2659 Nihil
973 2613 1022 2658 in
1058 2608 1233 2668 altari,
1279 2626 1378 2657 non
1415 2620 1653 2675 spectans

1508 2706 1589 2749 eo,
