1779 3128
682 213 868 234 ...-
1041 238 1045 240 V
1370 217 1460 265 ¹70

684 235 867 246 ῃ*
1431 239 1462 264 α

84 327 307 393 exponit.
377 338 458 384 45.
499 324 732 390 Qvisqve
763 325 1056 375 Canonicus
1099 338 1149 376 et
1185 326 1464 388 Plebanus,

82 417 191 454 tam
240 406 599 469 Strigoniensis
645 405 910 452 Ecclesiae
977 405 1178 455 Statuta
1236 409 1464 467 noverit,

82 500 238 551 qvam
275 487 606 549 praesentia,
659 482 951 548 habeatqve
1006 485 1095 533 illa
1133 503 1292 534 unum
1328 489 1464 534 intra

81 580 314 612 mensem
353 562 642 630 descripta,
675 563 828 611 simul
865 581 983 612 cum
1021 564 1228 624 charta,
1268 568 1320 613 in
1360 582 1464 631 qva

83 645 406 705 cognationis
446 643 767 708 Spiritualis,
805 659 865 690 ac
901 643 1083 709 legalis
1116 643 1466 710 impedimen-

80 733 133 771 ta
175 722 449 787 figurative
483 720 744 788 descripta
773 724 902 778 sint;
941 740 1057 770 cum
1087 723 1285 772 casibus
1318 726 1465 785 item,

80 800 201 850 Sedi
237 801 638 868 praepositurali
672 804 981 860 reservatis,
1019 812 1069 850 et
1107 819 1225 850 cum
1262 801 1465 851 indicu-

80 880 133 930 lo
173 881 373 929 dierum
412 881 694 939 festorum,
749 897 883 945 qvae
921 898 1016 947 per
1053 884 1176 929 anni
1213 882 1465 931 circulum

81 962 350 1010 observari
389 961 597 1010 debent.
669 962 748 1018 46.
786 961 1041 1010 Absentes
1079 961 1140 1009 ab
1174 960 1271 1010 hac
1297 962 1463 1028 Syno-

84 1041 150 1089 do
173 1079 186 1100 ,
227 1044 315 1105 qvi
354 1042 655 1105 ceteroqvin
693 1041 770 1089 illi
797 1040 1056 1089 debebant
1087 1043 1354 1101 interesse,
1388 1045 1469 1090 in·-

81 1122 161 1170 fra
201 1120 522 1185 qvindenam
550 1132 713 1169 semet
740 1131 1103 1187 praesentent,
1141 1137 1348 1170 causam
1374 1122 1465 1171 ab·

79 1204 280 1250 sentiae
343 1199 611 1249 reddituri.
703 1200 854 1248 Secus
916 1203 1464 1250 excommunicationis

79 1283 338 1347 recepturi
377 1283 689 1329 sententiam
708 1318 722 1340 ,
765 1296 899 1344 qvae
925 1282 1030 1328 iam
1059 1296 1194 1328 nunc
1220 1297 1313 1347 pro
1342 1292 1464 1329 tunc

81 1359 330 1409 adversus
368 1358 579 1408 eosdem
614 1362 1026 1426 pronunciatur,
1076 1376 1195 1407 cum
1247 1363 1462 1408 commi-

78 1443 292 1490 natione
312 1478 327 1500 ,
355 1443 575 1507 „gravius
599 1442 771 1508 *etiam
806 1439 988 1488 contra
1015 1439 1130 1487 illos
1167 1439 1458 1505 proceden-

80 1521 167 1580 di,
207 1523 247 1567 si
285 1523 610 1568 contumacia
648 1536 830 1568 eorum
868 1520 939 1566 ita
968 1518 1234 1584 deposcet.
1308 1521 1459 1568 Ioan-

81 1616 172 1647 nes
216 1599 571 1665 Praepositus,
610 1597 954 1663 qvadriennio
991 1609 1108 1666 post
1156 1611 1328 1648 actam
1365 1599 1460 1664 Sy-

81 1677 310 1737 nodum,
349 1679 547 1727 scilicet
584 1696 718 1727 anno
762 1679 904 1734 1464.
957 1694 1070 1726 cum
1106 1680 1245 1726 iussu
1287 1678 1462 1726 Ponti-

79 1759 190 1807 ficis
229 1758 373 1806 Pauli
411 1759 474 1807 II.
515 1757 715 1806 Budam
753 1755 1051 1817 contendit,
1089 1769 1141 1806 ut
1175 1760 1329 1807 sacris
1367 1758 1464 1805 Di-

77 1855 176 1886 vae
216 1837 397 1886 Clarae
434 1837 758 1903 virginibus,
809 1854 1023 1901 qvarum
1059 1837 1204 1886 Bona
1254 1839 1463 1886 finitimi

82 1917 448 1984 exagitabant,
500 1918 713 1965 consilio
765 1916 1014 1976 adesset,
1068 1933 1127 1965 ac
1179 1915 1464 1984 praesidio,

78 1998 260 2046 morbo
289 2007 600 2062 correptus,
638 1999 801 2045 vitam
839 1996 986 2056 finit,
1022 1999 1074 2043 in
1107 1996 1341 2045 Ecclesia
1377 1996 1462 2046 SS.

79 2077 218 2125 Petri
259 2089 308 2125 et
344 2076 516 2134 Pauli,
558 2079 700 2124 cuius
741 2077 866 2124 olim
903 2086 953 2123 et
985 2074 1322 2143 praepositus
1353 2076 1464 2124 fue·

78 2168 190 2219 rat,
229 2167 278 2204 et
313 2155 652 2231 benefactor,
689 2155 937 2223 sepultuS.
975 2154 1033 2218 o)

1099 2499 1383 2573 §.LXXL

139 2666 186 2720 ο)
217 2666 329 2708 Vide
361 2681 483 2709 meas
516 2669 746 2713 Amoenit.
777 2668 888 2713 Hist.
917 2665 1040 2711 Eccl.
1071 2667 1126 2711 R.
1148 2667 1302 2724 Hung.
1334 2667 1463 2726 Fases

188 2738 236 2780 V.
267 2750 390 2778 num.
423 2736 479 2780 ΙΙ.
509 2735 547 2796 §.
579 2752 643 2783 10.
