1779 3128
109 372 223 407 rum
258 357 415 412 scitu,
453 369 510 402 ac
550 353 915 416 reqvisitione‚
953 354 1055 415 uti,
1093 363 1143 405 et
1166 366 1340 402 curam
1367 354 1484 401 ani*

108 434 309 487 marum
348 439 606 504 suscipere
644 446 997 500 praesumant.

602 576 654 647 ς.
726 578 979 629 xxxin.

295 717 438 793 Cap.
498 710 679 773 VIII.
766 717 862 772 De
904 713 1279 773 Seminariis.

234 877 436 945 Capitis
475 880 647 926 octavi
674 894 812 926 num.
859 889 899 925 1.
938 872 1200 935 decernit,
1234 887 1288 924 ut
1326 876 1479 926 Prae·

105 959 230 1016 lati,
269 958 359 1006 sub
397 975 562 1024 poena
600 958 984 1024 suspensionis,
1034 973 1128 1023 per
1163 956 1480 1023 strigonien-

105 1056 216 1086 sem
252 1037 712 1104 Archiepiscopum
748 1035 1066 1103 infligenda,
1116 1039 1339 1101 qvisqve
1383 1054 1479 1104 pro

105 1135 198 1166 suo
252 1129 414 1176 stata,
465 1116 529 1165 de
573 1118 831 1164 communi
882 1116 1066 1164 saltem
1103 1115 1352 1182 erigendo
1391 1117 1480 1165 Se-

105 1200 322 1244 minario
351 1233 365 1254 ,
414 1194 688 1261 providere
737 1193 1052 1244 adnitantur.
1148 1211 1194 1245 2.
1243 1195 1482 1244 Refricat

103 1273 415 1323 Ferdinandi
452 1276 515 1323 II.
554 1268 846 1332 decretum,
883 1272 948 1321 de
973 1273 1325 1322 Praelatorum
1347 1274 1482 1342 obji-

104 1357 340 1420 gastone,
387 1356 440 1401 in
491 1370 635 1401 usum
674 1353 947 1401 Seminarii
1000 1353 1271 1418 qvippiam
1323 1354 1483 1402 relin-

104 1432 313 1496 qvendi.
382 1446 428 1491 3.
467 1430 618 1480 Circa
653 1432 790 1481 bona
825 1426 1179 1480 praelatorum
1218 1434 1328 1481 vita
1365 1433 1482 1481 fun-

104 1523 299 1559 ctorum
353 1515 665 1570 constituta,
714 1510 798 1558 hic
847 1511 1237 1559 confirmantur.
1323 1528 1371 1568 4.
1410 1512 1482 1561 Ut

104 1593 158 1638 in
197 1591 417 1639 formula
467 1593 738 1639 iuramenti
773 1589 1118 1657 Capitularis,
1167 1590 1295 1639 haec
1333 1590 1479 1640 dein-

105 1686 225 1736 ceps
273 1670 528 1719 addantur
562 1670 757 1719 verba:
807 1673 932 1720 Iuro
986 1675 1141 1729 item,
1195 1676 1328 1736 qvod
1369 1691 1483 1720 con·

103 1753 365 1797 cordatum
420 1754 554 1798 Cleri
593 1753 884 1815 Hungarici
943 1768 1054 1798 cum
1103 1751 1266 1800 Sacra
1310 1754 1481 1817 Regia

101 1831 386 1877 Maiestate
413 1865 430 1888 ‚
491 1831 783 1892 Deplomate
830 1832 992 1895 Regis
1048 1834 1270 1894 piissimi
1310 1833 1483 1878 Fer-di-

102 1910 257 1955 nandi
285 1909 364 1956 II.
399 1912 522 1956 anni
554 1908 696 1968 1625.
734 1918 1055 1969 contentum,
1094 1912 1388 1970 observabo,
1430 1920 1481 1959 et

96 2005 190 2049 pro
224 2004 329 2034 meo
356 2004 505 2051 posse
540 1991 801 2037 observari
831 1993 1036 2039 curabo.

598 2128 648 2200 §.
719 2131 967 2185 XXX1V.

301 2265 439 2342 Cap.
485 2268 598 2325 IX.
645 2269 714 2325 de
759 2266 1122 2325 Residentia
1164 2281 1278 2328 etc.

236 2423 429 2492 Capitis
465 2431 617 2487 noni,
658 2446 797 2479 num.
841 2444 882 2480 1.
919 2441 1135 2479 renovat
1165 2426 1360 2495 Synodi
1387 2443 1476 2478 an-

105 2518 171 2549 no
211 2504 352 2562 1630.
392 2517 534 2556 actae
572 2520 853 2569 statutum,
905 2508 968 2559 de
1007 2510 1287 2558 residentia
1323 2509 1477 2559 Prae-

105 2580 341 2632 latorum.
429 2601 471 2633 2.
522 2587 715 2654 Synodi
778 2606 910 2638 anno
968 2591 1109 2648 1633.
1164 2588 1475 2647 celebratae,

104 2662 354 2725 repetitur
386 2666 728 2729 postulatum,
756 2667 985 2717 faciendi
1012 2668 1079 2717 ad
1109 2669 1327 2736 Regiam
1356 2669 1475 2717 Ma-

728 2746 766 2794 F
805 2764 831 2797 2
1254 2750 1407 2795 iesta-
