1779 3128
694 214 878 229 '’¹''-
1097 245 1106 251 .
1375 216 1465 260 241

97 333 227 380 riam
261 326 609 384 collocantur,
661 341 690 373 a
725 328 896 373 vicino
945 320 1277 391 dependeant
1315 322 1474 371 Paro·
1522 373 1526 377 ,

96 410 225 467 cho,
263 422 475 455 munere
513 422 601 453 suo
638 423 732 471 per
768 421 960 452 annum
1001 404 1320 453 solummodo
1356 421 1474 471 pos·

94 493 195 539 sint
231 487 389 552 fungi.
463 485 579 549 Qvo
615 486 819 552 elapso,
860 502 1050 533 novam
1087 484 1150 532 ab
1176 484 1474 543 Ordinario,

92 578 179 616 aut
224 566 430 615 Vicario
482 565 745 613 licentiam
792 564 984 613 habere
1023 563 1234 613 debent.
1304 566 1472 613 Limi-

86 645 372 709 tes‘datae
423 646 516 693 sibi
566 644 824 693 facultatis
877 661 979 692 non
1033 645 1324 703 excedant,
1379 644 1472 693 sed

87 737 244 795 prout
280 729 332 774 in
380 726 603 774 formula
640 725 878 773 licentiae
916 723 1132 773 habetur
1156 761 1173 782 ,
1223 723 1351 772 illud
1390 742 1472 773 so-

84 807 193 856 lum
232 809 280 854 in
316 806 656 871 baptisando,
694 804 878 852 et'aliis
913 802 1257 852 functionibus
1295 816 1470 871 agant,

86 884 229 951 qvod
266 889 565 952 proprium,
604 900 661 932 ac
699 883 964 951 peculiare
990 883 1331 932 Sacerdotum
1361 901 1467 932 non

85 983 197 1014 esse
251 966 585 1032 dignoscitur.
693 980 767 1013 11.
826 963 1283 1031 Superstitionibus
1332 965 1467 1013 obsi·

83 1057 224 1094 stant
287 1045 518 1094 Parochi.
613 1060 686 1093 12.
734 1045 1000 1093 Festorum
1063 1044 1466 1093 celebrationem

83 1126 228 1191 plebi
267 1142 386 1174 suae
431 1126 787 1191 praecipiant,
839 1122 1073 1172 cavendo
1100 1161 1115 1183 ,
1164 1144 1223 1173 ne
1264 1130 1370 1188 qvis
1398 1129 1471 1172 ad

85 1207 194 1254 Dei
227 1206 504 1266 offensam,
557 1217 606 1252 et
651 1210 845 1253 animae
890 1209 1156 1268 perniciem
1181 1208 1341 1268 festis
1376 1207 1464 1252 ab·

85 1296 302 1345 utatur,-
344 1303 402 1332 ne
447 1288 518 1331 aa'
548 1288 1016 1344 commessationes,
1065 1287 1366 1343 ebrietates,
1403 1303 1464 1333 ac

81 1366 300 1412 lascivos
333 1367 499 1411 saltus
523 1365 815 1426 ferientur:
863 1365 966 1412 Sed
1006 1368 1055 1412 si
1087 1382 1265 1427 corpus
1312 1384 1343 1411 a
1381 1367 1457 1412 la-

78 1446 285 1491 boribus
319 1447 609 1500 continent,
648 1446 806 1490 multo
844 1448 1007 1509 magis
1046 1448 1261 1503 animam
1299 1463 1331 1492 a
1351 1463 1461 1507 pec·

80 1527 211 1570 catis
263 1533 488 1570 avocent.
578 1536 652 1581 13.
707 1523 859 1570 Initio
898 1521 1328 1588 qvadragesimae
1365 1540 1460 1589 po-

79 1601 256 1668 pulum
296 1599 610 1649 admoneant
632 1638 646 1660 ,
683 1595 792 1662 ut,
815 1622 924 1651 cum
954 1623 1044 1667 per
1079 1607 1313 1651 ieiunium
1347 1621 1459 1651 cor-

70 1700 167 1746 pus
211 1685 490 1740 atteritur,
541 1687 708 1730 anima
756 1687 979 1745 peccatis
1027 1702 1121 1730 non
1171 1686 1457 1745 repleatur:

74 1765 171 1810 sed
212 1765 329 1809 dum
377 1779 496 1808 earo
546 1764 608 1809 ab
645 1765 896 1810 alimentis
942 1764 1162 1810 abstinet
1189 1799 1206 1821 ,
1255 1780 1390 1809 mens
1424 1781 1457 1810 a

79 1845 226 1905 culpa
252 1845 452 1890 ieiunet.
531 1844 862 1890 Orationibus
889 1845 1076 1907 igitur,
1111 1843 1453 1906 eleemosynis,

72 1925 280 1986 aliisqve
321 1926 422 1984 piis
472 1924 702 1984 operibus
750 1933 869 1969 tunc
912 1923 1128 1968 maxime
1174 1924 1451 1986 invigilent.

7 2019 15 2023 ·
71 2004 187 2050 Hoc
225 2005 350 2048 enim
391 2012 468 2048 est
506 2005 739 2048 ieiunium
760 2036 774 2060 ,
814 2003 945 2065 qvod
966 2002 1135 2048 Isaiae
1170 2019 1255 2047 ore
1288 2018 1341 2047 se
1373 2003 1453 2047 de-

68 2083 246 2144 legisse
287 2082 539 2127 Dominus
574 2081 813 2145 sigtficat.
852 2079 910 2140 t)
997 2078 1451 2127 Sacramentorum

72 2174 278 2222 qvoqve
310 2158 637 2223 freqventem
664 2176 811 2207 usum
828 2196 843 2218 ,
881 2158 969 2206 illo
994 2161 1296 2225 praeprimis
1321 2169 1451 2207 tem-

70 2254 200 2304 pore
237 2242 586 2287 necessarium
626 2255 766 2299 esse,
813 2237 1096 2287 declarent.
1188 2253 1262 2294 14.
1299 2238 1450 2287 Ritus

71 2319 266 2383 pietate
309 2317 716 2366 Christianorum
755 2315 1068 2374 introducti,
1111 2316 1250 2365 haud
1284 2319 1449 2384 negli-

71 2408 276 2461 gantur.
359 2398 542 2462 Itaqve
582 2399 761 2447 nimbis
799 2414 856 2446 ac
891 2396 1132 2464 procellis
1171 2399 1448 2447 imminen-

1237 2477 1375 2527 tibus

122 2617 172 2676 t)
204 2619 350 2664 Isaiae
384 2635 481 2676 cap.
516 2633 584 2677 58.
614 2637 654 2668 v,
688 2627 728 2668 6.

732 2718 777 2784 Q
