1779 3128
307 210 372 263 48
911 210 1096 229 ””““““““’

309 325 599 378 Ecclesiam
650 324 946 383 ⁶⁰n⁰e⁵⁵35⁹
1002 334 1258 392 perpetuo
1306 324 1370 373 sit
1415 323 1681 391 spoliatus.

313 407 535 455 Constit.
574 404 663 453 III.
699 407 783 454 De
818 423 1003 453 corona
1034 407 1213 470 Regis.
1298 403 1482 469 Qvod,
1521 408 1560 452 si
1600 421 1683 453 co·-
1762 447 1779 450 ,,

308 502 438 536 rona
490 483 707 550 Regni,
772 500 866 550 per
929 483 1231 533 Ladislaum
1278 481 1684 534 Transilvaniae
1735 511 1738 517 =

306 562 602 612 Vaivodam
649 563 894 612 hactenus
945 562 1192 620 detenta,
1240 579 1404 627 usqve
1450 562 1514 611 ad
1563 581 1682 630 pro·
1737 562 1739 567 ’

311 646 452 693 xime
502 643 734 692 futurum
780 642 1107 700 Concilium,
1166 643 1219 689 in
1266 640 1363 690 hoc
1410 653 1682 707 praesente
1738 651 1739 654 ’

313 721 547 771 Concilio
584 721 915 780 ordinatum,
971 722 1205 770 restituta
1253 737 1358 769 non
1396 722 1580 781 fuerit,
1621 739 1683 770 ex
1737 710 1741 769 ξ

310 819 480 861 nunc,
518 803 698 868 vigore
734 801 1018 868 praesentis
1049 801 1458 859 constitutionis,
1496 803 1558 849 sit
1591 818 1682 866 pe-
1730 844 1742 860 „

313 885 454 931 nitus
491 879 801 939 interdicta,
841 890 889 927 et
926 879 1210 926 fabricetur
1245 880 1346 927 alia
1368 915 1382 939 ,
1425 895 1557 944 qvae
1592 895 1685 945 per
1734 897 1779 950 js

312 961 575 1027 Legatum
620 962 831 1007 nomine
883 957 1150 1005 Romanae
1202 957 1499 1015 Ecclesiae,
1551 957 1683 1023 Regi
1738 958 1743 970 “’

313 1040 540 1097 Carolo,
578 1048 628 1086 et
662 1054 822 1103 regno
860 1035 1114 1095 donetur,
1172 1046 1222 1084 et
1258 1036 1322 1085 ab
1361 1035 1548 1084 eodem
1583 1036 1684 1083 Le·

310 1131 433 1187 gato
470 1117 828 1167 benedicatur.
899 1114 1222 1164 Publicatum
1259 1127 1313 1164 ut
1340 1131 1510 1181 supra.
1581 1115 1685 1162 Sci-

311 1199 438 1248 licet
485 1207 671 1244 octavo
719 1193 833 1242 idus
884 1193 1033 1243 Maii.
1134 1194 1412 1243 Constitut.
1462 1193 1548 1242 IV.
1602 1197 1689 1244 De

310 1282 474 1330 Bonis
508 1278 743 1341 Regalib.
791 1285 842 1322 et
889 1277 1177 1340 Regc‘nalc'b.
1223 1295 1318 1323 non
1365 1279 1684 1337 occupandis,

312 1369 364 1406 et
411 1359 668 1418 occupatis
712 1358 1050 1403 restituendis.
1149 1353 1251 1419 Qvi
1300 1353 1552 1419 Regalia,
1598 1352 1687 1402 Vel

315 1434 591 1501 Reginalia
626 1433 802 1492 Bona,
839 1449 1118 1500 usurpare,
1153 1432 1242 1480 vel
1278 1448 1564 1499 occupare,
1600 1443 1689 1481 aut

312 1514 549 1563 detinere
586 1511 765 1560 illicite
800 1514 1199 1578 praesumserit,
1245 1514 1285 1558 si
1321 1511 1476 1559 fuerit
1514 1514 1687 1578 singu·

314 1593 438 1643 laris
470 1607 722 1659 persona,
760 1593 1334 1639 excommunicationis:
1387 1593 1428 1638 si
1476 1593 1688 1638 univer-

315 1675 471 1731 sitas,
508 1671 596 1719 vel
637 1669 958 1735 Collegium,
993 1668 1252 1718 interdicti
1305 1685 1527 1737 poenam
1574 1672 1687 1735 ipso

315 1752 454 1801 facto
493 1753 737 1799 incurrat.
809 1748 983 1812 Atqve
1029 1750 1326 1797 constitutio
1370 1747 1498 1798 haec
1534 1750 1687 1797 tertio

315 1830 432 1881 idus
467 1831 585 1879 Iulii
622 1827 998 1896 publicabatur.
1740 1817 1742 1820 ’

867 1956 917 2027 §.
986 1960 1126 2011 xvi.

610 2081 766 2156 Reflz
811 2083 874 2139 in
915 2083 1025 2141 ult.
1077 2080 1398 2140 Constitut.

453 2227 793 2280 Transiturus
842 2229 907 2277 ad
968 2228 1383 2276 constitutionem
1435 2228 1691 2291 qvintam,
1733 2243 1736 2246 “

323 2323 377 2359 et
414 2312 650 2359 ultimam
700 2309 893 2377 Synodi
942 2307 1194 2356 Budensis
1223 2342 1238 2363 ,
1287 2304 1382 2353 hoc
1418 2303 1574 2353 modo
1616 2308 1691 2353 in-

324 2393 597 2456 scriPtam:
648 2393 730 2438 De
783 2392 1095 2436 ordinatione
1155 2390 1382 2432 vacantis
1436 2387 1694 2432 Ecclesiae

324 2489 415 2535 per
438 2472 801 2531 provisionem,
839 2470 1150 2522 electionem,
1188 2474 1279 2510 ant
1304 2466 1693 2524 postulationem

315 2551 602 2613 facienda,
650 2547 903 2592 monitum
955 2555 1005 2591 te
1053 2542 1175 2589 volo
1222 2542 1465 2607 Hungare
1512 2540 1695 2599 lector,

328 2624 469 2695 qvod
506 2625 716 2674 evoluto
755 2622 1032 2689 diligenter
1067 2621 1237 2670 indice
1273 2621 1552 2681 librorum,
1606 2621 1694 2684 qvi

1578 2714 1631 2746 1n
