<?xml version="1.0" encoding="UTF-8"?>
<!DOCTYPE html PUBLIC "-//W3C//DTD XHTML 1.0 Transitional//EN"
    "http://www.w3.org/TR/xhtml1/DTD/xhtml1-transitional.dtd">
<html xmlns="http://www.w3.org/1999/xhtml" xml:lang="en" lang="en">
 <head>
  <title>
</title>
<meta http-equiv="Content-Type" content="text/html;charset=utf-8" />
  <meta name='ocr-system' content='tesseract 3.04.00' />
  <meta name='ocr-capabilities' content='ocr_page ocr_carea ocr_par ocr_line ocrx_word'/>
</head>
<body>
  <div class='ocr_page' id='page_1' title='image "./synopsiscriticoh00szvouoft_0220.png"; bbox 0 0 1779 3128; ppageno 0'>
   <div class='ocr_carea' id='block_1_1' title="bbox 344 203 1119 247">
    <p class='ocr_par' dir='ltr' id='par_1_1' title="bbox 344 203 1119 247">
     <span class='ocr_line' id='line_1_1' title="bbox 344 203 1119 247; baseline -0.001 -1"><span class='ocrx_word' id='word_1_1' title='bbox 344 212 441 247; x_wconf 80' lang='lat'>202</span> <span class='ocrx_word' id='word_1_2' title='bbox 938 203 1119 221; x_wconf 83' lang='grc'><strong>·“’”“““·“““</strong></span> 
     </span>
    </p>
   </div>
   <div class='ocr_carea' id='block_1_2' title="bbox 937 223 1120 232">
    <p class='ocr_par' dir='ltr' id='par_1_2' title="bbox 937 223 1120 232">
     <span class='ocr_line' id='line_1_2' title="bbox 937 223 1120 232; baseline 0 2896"><span class='ocrx_word' id='word_1_3' title='bbox 937 223 1120 232; x_wconf 95' lang='lat' dir='ltr'> </span> 
     </span>
    </p>
   </div>
   <div class='ocr_carea' id='block_1_3' title="bbox 296 313 1779 2736">
    <p class='ocr_par' dir='ltr' id='par_1_3' title="bbox 296 313 1779 2736">
     <span class='ocr_line' id='line_1_3' title="bbox 335 313 1710 385; baseline 0.001 -18"><span class='ocrx_word' id='word_1_4' title='bbox 335 316 667 368; x_wconf 83' lang='lat' dir='ltr'>chidiaconus</span> <span class='ocrx_word' id='word_1_5' title='bbox 713 313 903 363; x_wconf 88' lang='lat' dir='ltr'>habeat</span> <span class='ocrx_word' id='word_1_6' title='bbox 953 333 1129 364; x_wconf 87' lang='lat' dir='ltr'>omnes</span> <span class='ocrx_word' id='word_1_7' title='bbox 1179 317 1564 367; x_wconf 84' lang='lat' dir='ltr'>constitutiones</span> <span class='ocrx_word' id='word_1_8' title='bbox 1618 318 1710 385; x_wconf 79' lang='lat' dir='ltr'>Sy-</span> 
     </span>
     <span class='ocr_line' id='line_1_4' title="bbox 337 394 1710 454; baseline 0 -8"><span class='ocrx_word' id='word_1_9' title='bbox 337 396 587 454; x_wconf 84' lang='lat' dir='ltr'>nodales,</span> <span class='ocrx_word' id='word_1_10' title='bbox 626 412 684 443; x_wconf 89' lang='lat' dir='ltr'>ac</span> <span class='ocrx_word' id='word_1_11' title='bbox 721 394 1003 443; x_wconf 86' lang='lat' dir='ltr'>secundum</span> <span class='ocrx_word' id='word_1_12' title='bbox 1050 395 1162 443; x_wconf 86' lang='lat' dir='ltr'>illas</span> <span class='ocrx_word' id='word_1_13' title='bbox 1201 395 1406 445; x_wconf 87' lang='lat' dir='ltr'>Clerum</span> <span class='ocrx_word' id='word_1_14' title='bbox 1446 414 1591 446; x_wconf 88' lang='lat' dir='ltr'>suum</span> <span class='ocrx_word' id='word_1_15' title='bbox 1628 416 1710 446; x_wconf 88' lang='lat' dir='ltr'>re-</span> 
     </span>
     <span class='ocr_line' id='line_1_5' title="bbox 335 475 1708 542; baseline 0.002 -19"><span class='ocrx_word' id='word_1_16' title='bbox 335 487 440 542; x_wconf 84' lang='lat' dir='ltr'>gat.</span> <span class='ocrx_word' id='word_1_17' title='bbox 512 475 679 524; x_wconf 89' lang='lat' dir='ltr'>Iidem</span> <span class='ocrx_word' id='word_1_18' title='bbox 715 486 1018 540; x_wconf 85' lang='lat' dir='ltr'>praeterea,</span> <span class='ocrx_word' id='word_1_19' title='bbox 1069 486 1118 522; x_wconf 89' lang='lat' dir='ltr'>et</span> <span class='ocrx_word' id='word_1_20' title='bbox 1152 475 1393 535; x_wconf 77' lang='lat' dir='ltr'>plebani,</span> <span class='ocrx_word' id='word_1_21' title='bbox 1441 480 1708 526; x_wconf 84' lang='lat' dir='ltr'>venientes</span> 
     </span>
     <span class='ocr_line' id='line_1_6' title="bbox 335 554 1707 621; baseline 0.001 -19"><span class='ocrx_word' id='word_1_22' title='bbox 335 554 548 603; x_wconf 79' lang='lat' dir='ltr'><strong>aliunde</strong></span> <span class='ocrx_word' id='word_1_23' title='bbox 587 554 922 620; x_wconf 82' lang='lat' dir='ltr'>Presbyteros</span> <span class='ocrx_word' id='word_1_24' title='bbox 960 557 1574 621; x_wconf 72' lang='lat' dir='ltr'>examinent,.imprimis</span> <span class='ocrx_word' id='word_1_25' title='bbox 1619 573 1707 604; x_wconf 86' lang='lat' dir='ltr'>au·</span> 
     </span>
     <span class='ocr_line' id='line_1_7' title="bbox 336 633 1702 701; baseline 0.001 -19"><span class='ocrx_word' id='word_1_26' title='bbox 336 646 444 682; x_wconf 76' lang='lat' dir='ltr'>tem</span> <span class='ocrx_word' id='word_1_27' title='bbox 479 637 708 701; x_wconf 82' lang='lat' dir='ltr'>ignotos,</span> <span class='ocrx_word' id='word_1_28' title='bbox 746 650 869 681; x_wconf 88' lang='lat' dir='ltr'>num</span> <span class='ocrx_word' id='word_1_29' title='bbox 903 633 1148 681; x_wconf 83' lang='lat' dir='ltr'>formatas</span> <span class='ocrx_word' id='word_1_30' title='bbox 1184 633 1438 693; x_wconf 84' lang='lat' dir='ltr'>habeant,</span> <span class='ocrx_word' id='word_1_31' title='bbox 1486 635 1702 685; x_wconf 85' lang='lat' dir='ltr'>Brevia·</span> 
     </span>
     <span class='ocr_line' id='line_1_8' title="bbox 334 712 1708 777; baseline 0.001 -16"><span class='ocrx_word' id='word_1_32' title='bbox 334 716 511 773; x_wconf 85' lang='lat' dir='ltr'>rium,</span> <span class='ocrx_word' id='word_1_33' title='bbox 559 713 852 777; x_wconf 86' lang='lat' dir='ltr'>librumqve</span> <span class='ocrx_word' id='word_1_34' title='bbox 906 712 1172 760; x_wconf 86' lang='lat' dir='ltr'>Missalem</span> <span class='ocrx_word' id='word_1_35' title='bbox 1203 749 1217 771; x_wconf 94' lang='lat'>,</span> <span class='ocrx_word' id='word_1_36' title='bbox 1272 723 1428 776; x_wconf 87' lang='lat' dir='ltr'>atqve</span> <span class='ocrx_word' id='word_1_37' title='bbox 1479 712 1556 761; x_wconf 88' lang='lat' dir='ltr'>his</span> <span class='ocrx_word' id='word_1_38' title='bbox 1606 731 1708 763; x_wconf 88' lang='lat' dir='ltr'>non</span> 
     </span>
     <span class='ocr_line' id='line_1_9' title="bbox 333 790 1706 859; baseline 0 -19"><span class='ocrx_word' id='word_1_39' title='bbox 333 794 604 859; x_wconf 84' lang='lat' dir='ltr'>provisos,</span> <span class='ocrx_word' id='word_1_40' title='bbox 648 793 714 840; x_wconf 89' lang='lat' dir='ltr'>ad</span> <span class='ocrx_word' id='word_1_41' title='bbox 761 791 994 839; x_wconf 87' lang='lat' dir='ltr'>officium</span> <span class='ocrx_word' id='word_1_42' title='bbox 1044 790 1408 840; x_wconf 86' lang='lat' dir='ltr'>celebrandum</span> <span class='ocrx_word' id='word_1_43' title='bbox 1462 791 1706 840; x_wconf 76' lang='lat' dir='ltr'>non-ad-</span> 
     </span>
     <span class='ocr_line' id='line_1_10' title="bbox 333 867 1709 936; baseline 0 -17"><span class='ocrx_word' id='word_1_44' title='bbox 333 874 556 920; x_wconf 81' lang='lat' dir='ltr'>mittant.</span> <span class='ocrx_word' id='word_1_45' title='bbox 629 886 705 933; x_wconf 84' lang='lat'>29.</span> <span class='ocrx_word' id='word_1_46' title='bbox 740 871 925 921; x_wconf 90' lang='lat' dir='ltr'>Multis</span> <span class='ocrx_word' id='word_1_47' title='bbox 965 869 1315 918; x_wconf 83' lang='lat' dir='ltr'>deficientibus</span> <span class='ocrx_word' id='word_1_48' title='bbox 1338 907 1353 928; x_wconf 86' lang='lat'>,</span> <span class='ocrx_word' id='word_1_49' title='bbox 1389 867 1542 935; x_wconf 84' lang='lat' dir='ltr'>plene</span> <span class='ocrx_word' id='word_1_50' title='bbox 1578 871 1709 936; x_wconf 87' lang='lat' dir='ltr'>legi-</span> 
     </span>
     <span class='ocr_line' id='line_1_11' title="bbox 334 949 1707 1009; baseline -0.001 -11"><span class='ocrx_word' id='word_1_51' title='bbox 334 961 416 999; x_wconf 83' lang='lat' dir='ltr'>tur</span> <span class='ocrx_word' id='word_1_52' title='bbox 452 950 803 999; x_wconf 82' lang='lat' dir='ltr'>Constitutio:</span> <span class='ocrx_word' id='word_1_53' title='bbox 851 949 1134 997; x_wconf 89' lang='lat' dir='ltr'>monendos</span> <span class='ocrx_word' id='word_1_54' title='bbox 1188 965 1296 996; x_wconf 88' lang='lat' dir='ltr'>esse</span> <span class='ocrx_word' id='word_1_55' title='bbox 1346 949 1707 1009; x_wconf 86' lang='lat' dir='ltr'>Parochianos,</span> 
     </span>
     <span class='ocr_line' id='line_1_12' title="bbox 332 1027 1709 1095; baseline -0.001 -17"><span class='ocrx_word' id='word_1_56' title='bbox 332 1045 401 1078; x_wconf 88' lang='lat' dir='ltr'>ne</span> <span class='ocrx_word' id='word_1_57' title='bbox 439 1029 779 1095; x_wconf 78' lang='lat' dir='ltr'>parvulorum</span> <span class='ocrx_word' id='word_1_58' title='bbox 819 1029 1076 1094; x_wconf 84' lang='lat' dir='ltr'>baptisma</span> <span class='ocrx_word' id='word_1_59' title='bbox 1124 1028 1256 1076; x_wconf 90' lang='lat' dir='ltr'>ultra</span> <span class='ocrx_word' id='word_1_60' title='bbox 1304 1027 1570 1076; x_wconf 86' lang='lat' dir='ltr'>octiduum</span> <span class='ocrx_word' id='word_1_61' title='bbox 1608 1027 1709 1076; x_wconf 87' lang='lat' dir='ltr'>dif-</span> 
     </span>
     <span class='ocr_line' id='line_1_13' title="bbox 334 1106 1708 1166; baseline -0.001 -9"><span class='ocrx_word' id='word_1_62' title='bbox 334 1110 550 1166; x_wconf 79' lang='lat' dir='ltr'>ferant,</span> <span class='ocrx_word' id='word_1_63' title='bbox 602 1125 721 1155; x_wconf 85' lang='lat' dir='ltr'>mox</span> <span class='ocrx_word' id='word_1_64' title='bbox 769 1106 1046 1156; x_wconf 86' lang='lat' dir='ltr'>interdicto</span> <span class='ocrx_word' id='word_1_65' title='bbox 1105 1107 1261 1155; x_wconf 86' lang='lat' dir='ltr'>futuri</span> <span class='ocrx_word' id='word_1_66' title='bbox 1316 1107 1540 1156; x_wconf 85' lang='lat' dir='ltr'>obnoxii.</span> <span class='ocrx_word' id='word_1_67' title='bbox 1629 1107 1708 1155; x_wconf 87' lang='lat' dir='ltr'>Ne</span> 
     </span>
     <span class='ocr_line' id='line_1_14' title="bbox 331 1186 1707 1254; baseline -0.001 -19"><span class='ocrx_word' id='word_1_68' title='bbox 331 1198 607 1254; x_wconf 80' lang='lat' dir='ltr'>praeterea</span> <span class='ocrx_word' id='word_1_69' title='bbox 654 1186 878 1236; x_wconf 87' lang='lat' dir='ltr'>infantes</span> <span class='ocrx_word' id='word_1_70' title='bbox 906 1224 922 1244; x_wconf 82' lang='lat'>,</span> <span class='ocrx_word' id='word_1_71' title='bbox 974 1199 1179 1252; x_wconf 81' lang='lat' dir='ltr'>praeter</span> <span class='ocrx_word' id='word_1_72' title='bbox 1214 1189 1606 1245; x_wconf 86' lang='lat' dir='ltr'>necessitatem,</span> <span class='ocrx_word' id='word_1_73' title='bbox 1655 1189 1707 1234; x_wconf 91' lang='lat' dir='ltr'>in</span> 
     </span>
     <span class='ocr_line' id='line_1_15' title="bbox 331 1264 1707 1331; baseline -0.001 -16"><span class='ocrx_word' id='word_1_74' title='bbox 331 1266 523 1315; x_wconf 83' lang='lat' dir='ltr'>eodem</span> <span class='ocrx_word' id='word_1_75' title='bbox 563 1266 778 1314; x_wconf 83' lang='lat' dir='ltr'>foveant</span> <span class='ocrx_word' id='word_1_76' title='bbox 823 1283 995 1314; x_wconf 87' lang='lat' dir='ltr'>secum</span> <span class='ocrx_word' id='word_1_77' title='bbox 1043 1268 1204 1331; x_wconf 78' lang='lat' dir='ltr'>ipsiS,</span> <span class='ocrx_word' id='word_1_78' title='bbox 1255 1266 1407 1315; x_wconf 77' lang='lat' dir='ltr'>lecto,</span> <span class='ocrx_word' id='word_1_79' title='bbox 1486 1280 1565 1325; x_wconf 80' lang='lat'>30.</span> <span class='ocrx_word' id='word_1_80' title='bbox 1602 1264 1707 1313; x_wconf 83' lang='lat' dir='ltr'>Ab·</span> 
     </span>
     <span class='ocr_line' id='line_1_16' title="bbox 334 1343 1708 1411; baseline 0 -17"><span class='ocrx_word' id='word_1_81' title='bbox 334 1357 508 1394; x_wconf 87' lang='lat' dir='ltr'>sentes</span> <span class='ocrx_word' id='word_1_82' title='bbox 547 1347 611 1393; x_wconf 87' lang='lat' dir='ltr'>ab</span> <span class='ocrx_word' id='word_1_83' title='bbox 650 1345 746 1394; x_wconf 87' lang='lat' dir='ltr'>hac</span> <span class='ocrx_word' id='word_1_84' title='bbox 781 1343 1016 1411; x_wconf 81' lang='lat' dir='ltr'>SynodO,</span> <span class='ocrx_word' id='word_1_85' title='bbox 1066 1347 1163 1391; x_wconf 85' lang='lat' dir='ltr'>nisi</span> <span class='ocrx_word' id='word_1_86' title='bbox 1204 1361 1403 1392; x_wconf 87' lang='lat' dir='ltr'>causam</span> <span class='ocrx_word' id='word_1_87' title='bbox 1443 1345 1708 1394; x_wconf 81' lang='lat' dir='ltr'>absentiae</span> 
     </span>
     <span class='ocr_line' id='line_1_17' title="bbox 333 1422 1706 1489; baseline -0.001 -17"><span class='ocrx_word' id='word_1_88' title='bbox 333 1424 659 1474; x_wconf 77' lang='lat' dir='ltr'>reddiderint</span> <span class='ocrx_word' id='word_1_89' title='bbox 707 1427 842 1476; x_wconf 84' lang='lat' dir='ltr'>intra</span> <span class='ocrx_word' id='word_1_90' title='bbox 879 1422 1229 1488; x_wconf 88' lang='lat' dir='ltr'>qvindenam,</span> <span class='ocrx_word' id='word_1_91' title='bbox 1278 1441 1371 1489; x_wconf 91' lang='lat' dir='ltr'>pro</span> <span class='ocrx_word' id='word_1_92' title='bbox 1409 1440 1706 1471; x_wconf 81' lang='lat' dir='ltr'>excommu-</span> 
     </span>
     <span class='ocr_line' id='line_1_18' title="bbox 331 1502 1708 1570; baseline -0.002 -17"><span class='ocrx_word' id='word_1_93' title='bbox 331 1508 515 1554; x_wconf 85' lang='lat' dir='ltr'>nicatis</span> <span class='ocrx_word' id='word_1_94' title='bbox 564 1503 868 1553; x_wconf 81' lang='lat' dir='ltr'>habeantur.</span> <span class='ocrx_word' id='word_1_95' title='bbox 959 1518 1040 1563; x_wconf 81' lang='lat'>31.</span> <span class='ocrx_word' id='word_1_96' title='bbox 1097 1503 1380 1570; x_wconf 85' lang='lat' dir='ltr'>Dispositio</span> <span class='ocrx_word' id='word_1_97' title='bbox 1436 1502 1499 1550; x_wconf 90' lang='lat' dir='ltr'>de</span> <span class='ocrx_word' id='word_1_98' title='bbox 1553 1514 1708 1551; x_wconf 87' lang='lat' dir='ltr'>testa-</span> 
     </span>
     <span class='ocr_line' id='line_1_19' title="bbox 331 1581 1708 1641; baseline -0.002 -9"><span class='ocrx_word' id='word_1_99' title='bbox 331 1587 551 1641; x_wconf 82' lang='lat' dir='ltr'>mentis,</span> <span class='ocrx_word' id='word_1_100' title='bbox 603 1586 809 1631; x_wconf 86' lang='lat' dir='ltr'>inverso</span> <span class='ocrx_word' id='word_1_101' title='bbox 860 1581 1106 1632; x_wconf 81' lang='lat' dir='ltr'>duntaxat</span> <span class='ocrx_word' id='word_1_102' title='bbox 1143 1583 1356 1641; x_wconf 79' lang='lat' dir='ltr'>ordine,</span> <span class='ocrx_word' id='word_1_103' title='bbox 1394 1600 1510 1630; x_wconf 85' lang='lat' dir='ltr'>cum</span> <span class='ocrx_word' id='word_1_104' title='bbox 1551 1581 1708 1631; x_wconf 84' lang='lat' dir='ltr'>Nitri-</span> 
     </span>
     <span class='ocr_line' id='line_1_20' title="bbox 333 1661 1707 1725; baseline -0.001 -15"><span class='ocrx_word' id='word_1_105' title='bbox 333 1667 445 1710; x_wconf 88' lang='lat' dir='ltr'>ensi</span> <span class='ocrx_word' id='word_1_106' title='bbox 484 1673 748 1710; x_wconf 82' lang='lat' dir='ltr'>consonat.</span> <span class='ocrx_word' id='word_1_107' title='bbox 819 1661 866 1709; x_wconf 93' lang='lat' dir='ltr'>A</span> <span class='ocrx_word' id='word_1_108' title='bbox 905 1662 1137 1710; x_wconf 88' lang='lat' dir='ltr'>Berisloo</span> <span class='ocrx_word' id='word_1_109' title='bbox 1176 1661 1420 1720; x_wconf 81' lang='lat' dir='ltr'>additur,</span> <span class='ocrx_word' id='word_1_110' title='bbox 1461 1672 1618 1725; x_wconf 90' lang='lat' dir='ltr'>qvot,</span> <span class='ocrx_word' id='word_1_111' title='bbox 1657 1671 1707 1709; x_wconf 87' lang='lat' dir='ltr'>et</span> 
     </span>
     <span class='ocr_line' id='line_1_21' title="bbox 331 1740 1704 1806; baseline -0.002 -17"><span class='ocrx_word' id='word_1_112' title='bbox 331 1742 511 1806; x_wconf 84' lang='lat' dir='ltr'>qvales</span> <span class='ocrx_word' id='word_1_113' title='bbox 550 1759 659 1789; x_wconf 86' lang='lat' dir='ltr'>esse</span> <span class='ocrx_word' id='word_1_114' title='bbox 699 1741 949 1800; x_wconf 88' lang='lat' dir='ltr'>debeant,</span> <span class='ocrx_word' id='word_1_115' title='bbox 988 1752 1354 1790; x_wconf 86' lang='lat' dir='ltr'>testamentum</span> <span class='ocrx_word' id='word_1_116' title='bbox 1392 1740 1704 1805; x_wconf 84' lang='lat' dir='ltr'>subscriptu-</span> 
     </span>
     <span class='ocr_line' id='line_1_22' title="bbox 329 1816 1707 1883; baseline -0.002 -15"><span class='ocrx_word' id='word_1_117' title='bbox 329 1824 377 1868; x_wconf 82' lang='lat' dir='ltr'>ri</span> <span class='ocrx_word' id='word_1_118' title='bbox 425 1832 612 1879; x_wconf 87' lang='lat' dir='ltr'>testes,</span> <span class='ocrx_word' id='word_1_119' title='bbox 661 1823 800 1869; x_wconf 84' lang='lat' dir='ltr'>iuxta</span> <span class='ocrx_word' id='word_1_120' title='bbox 850 1820 1117 1869; x_wconf 88' lang='lat' dir='ltr'>Canonum</span> <span class='ocrx_word' id='word_1_121' title='bbox 1164 1824 1470 1870; x_wconf 76' lang='lat' dir='ltr'>sanctiones,</span> <span class='ocrx_word' id='word_1_122' title='bbox 1567 1816 1707 1883; x_wconf 81' lang='lat' dir='ltr'>Qvid</span> 
     </span>
     <span class='ocr_line' id='line_1_23' title="bbox 329 1898 1703 1966; baseline -0.001 -20"><span class='ocrx_word' id='word_1_123' title='bbox 329 1902 593 1966; x_wconf 79' lang='lat' dir='ltr'>primum,</span> <span class='ocrx_word' id='word_1_124' title='bbox 645 1898 771 1964; x_wconf 88' lang='lat' dir='ltr'>qvid</span> <span class='ocrx_word' id='word_1_125' title='bbox 817 1902 1067 1965; x_wconf 85' lang='lat' dir='ltr'>posterius</span> <span class='ocrx_word' id='word_1_126' title='bbox 1121 1909 1427 1948; x_wconf 79' lang='lat' dir='ltr'>testamento</span> <span class='ocrx_word' id='word_1_127' title='bbox 1479 1901 1703 1945; x_wconf 86' lang='lat' dir='ltr'>inseren-</span> 
     </span>
     <span class='ocr_line' id='line_1_24' title="bbox 333 1956 1779 2041; baseline -0.002 -15"><span class='ocrx_word' id='word_1_128' title='bbox 333 1977 474 2026; x_wconf 84' lang='lat' dir='ltr'>dum.</span> <span class='ocrx_word' id='word_1_129' title='bbox 548 1978 859 2026; x_wconf 88' lang='lat' dir='ltr'>Decernitur</span> <span class='ocrx_word' id='word_1_130' title='bbox 894 1995 1057 2037; x_wconf 90' lang='lat' dir='ltr'>vero,</span> <span class='ocrx_word' id='word_1_131' title='bbox 1107 1982 1238 2041; x_wconf 82' lang='lat' dir='ltr'>qvod</span> <span class='ocrx_word' id='word_1_132' title='bbox 1264 1979 1559 2027; x_wconf 81' lang='lat' dir='ltr'>Sacerdotes</span> <span class='ocrx_word' id='word_1_133' title='bbox 1599 1980 1703 2024; x_wconf 90' lang='lat' dir='ltr'>Cle·</span> <span class='ocrx_word' id='word_1_134' title='bbox 1777 1956 1779 2023; x_wconf 66' lang='lat' dir='ltr'>i</span> 
     </span>
     <span class='ocr_line' id='line_1_25' title="bbox 330 2026 1779 2118; baseline -0.002 -13"><span class='ocrx_word' id='word_1_135' title='bbox 330 2063 460 2117; x_wconf 82' lang='lat' dir='ltr'>rici,</span> <span class='ocrx_word' id='word_1_136' title='bbox 493 2062 755 2106; x_wconf 80' lang='lat' dir='ltr'>condentes</span> <span class='ocrx_word' id='word_1_137' title='bbox 781 2069 1164 2115; x_wconf 77' lang='lat' dir='ltr'>testamentum,</span> <span class='ocrx_word' id='word_1_138' title='bbox 1195 2060 1449 2118; x_wconf 81' lang='lat' dir='ltr'>disponere</span> <span class='ocrx_word' id='word_1_139' title='bbox 1475 2075 1568 2103; x_wconf 80' lang='lat' dir='ltr'>non</span> <span class='ocrx_word' id='word_1_140' title='bbox 1594 2075 1707 2118; x_wconf 85' lang='lat' dir='ltr'>pos·</span> <span class='ocrx_word' id='word_1_141' title='bbox 1778 2026 1779 2098; x_wconf 55' lang='lat' dir='ltr'>i</span> 
     </span>
     <span class='ocr_line' id='line_1_26' title="bbox 330 2137 1703 2199; baseline -0.002 -15"><span class='ocrx_word' id='word_1_142' title='bbox 330 2149 452 2184; x_wconf 78' lang='lat' dir='ltr'>sunt</span> <span class='ocrx_word' id='word_1_143' title='bbox 487 2141 546 2185; x_wconf 85' lang='lat' dir='ltr'>de</span> <span class='ocrx_word' id='word_1_144' title='bbox 583 2139 724 2185; x_wconf 83' lang='lat' dir='ltr'>bonis</span> <span class='ocrx_word' id='word_1_145' title='bbox 754 2141 940 2185; x_wconf 74' lang='lat' dir='ltr'>intuitu</span> <span class='ocrx_word' id='word_1_146' title='bbox 974 2137 1218 2196; x_wconf 77' lang='lat' dir='ltr'>Beneficii</span> <span class='ocrx_word' id='word_1_147' title='bbox 1244 2139 1530 2199; x_wconf 76' lang='lat' dir='ltr'>acqu‘sitis,</span> <span class='ocrx_word' id='word_1_148' title='bbox 1589 2138 1703 2182; x_wconf 81' lang='lat' dir='ltr'>abs·</span> 
     </span>
     <span class='ocr_line' id='line_1_27' title="bbox 331 2216 1703 2281; baseline -0.003 -18"><span class='ocrx_word' id='word_1_149' title='bbox 331 2235 421 2281; x_wconf 79' lang='lat' dir='ltr'>qve</span> <span class='ocrx_word' id='word_1_150' title='bbox 457 2220 658 2263; x_wconf 76' lang='lat' dir='ltr'>licentia</span> <span class='ocrx_word' id='word_1_151' title='bbox 696 2216 974 2278; x_wconf 77' lang='lat' dir='ltr'>Superioris</span> <span class='ocrx_word' id='word_1_152' title='bbox 1009 2216 1321 2278; x_wconf 70' lang='lat' dir='ltr'>beneficiati,</span> <span class='ocrx_word' id='word_1_153' title='bbox 1357 2223 1406 2259; x_wconf 78' lang='lat' dir='ltr'>et</span> <span class='ocrx_word' id='word_1_154' title='bbox 1442 2217 1490 2259; x_wconf 76' lang='lat' dir='ltr'>in</span> <span class='ocrx_word' id='word_1_155' title='bbox 1532 2216 1703 2261; x_wconf 79' lang='lat' dir='ltr'>Eccle-</span> 
     </span>
     <span class='ocr_line' id='line_1_28' title="bbox 329 2295 1698 2357; baseline -0.004 -15"><span class='ocrx_word' id='word_1_156' title='bbox 329 2300 446 2353; x_wconf 77' lang='lat' dir='ltr'>sia,</span> <span class='ocrx_word' id='word_1_157' title='bbox 484 2305 532 2341; x_wconf 77' lang='lat' dir='ltr'>et</span> <span class='ocrx_word' id='word_1_158' title='bbox 569 2297 810 2342; x_wconf 80' lang='lat' dir='ltr'>Dioecesi</span> <span class='ocrx_word' id='word_1_159' title='bbox 844 2297 1224 2357; x_wconf 78' lang='lat' dir='ltr'>Vesprc&#39;mc&#39;ensi,</span> <span class='ocrx_word' id='word_1_160' title='bbox 1267 2303 1420 2353; x_wconf 76' lang='lat' dir='ltr'>prout</span> <span class='ocrx_word' id='word_1_161' title='bbox 1468 2295 1581 2338; x_wconf 73' lang='lat' dir='ltr'>iura</span> <span class='ocrx_word' id='word_1_162' title='bbox 1616 2309 1698 2338; x_wconf 87' lang='lat' dir='ltr'>vo-</span> 
     </span>
     <span class='ocr_line' id='line_1_29' title="bbox 329 2369 1700 2421; baseline -0.003 -2"><span class='ocrx_word' id='word_1_163' title='bbox 329 2376 456 2420; x_wconf 75' lang='lat' dir='ltr'>lunt.</span> <span class='ocrx_word' id='word_1_164' title='bbox 527 2372 608 2419; x_wconf 91' lang='lat' dir='ltr'>De</span> <span class='ocrx_word' id='word_1_165' title='bbox 661 2372 820 2421; x_wconf 89' lang='lat' dir='ltr'>Bonis</span> <span class='ocrx_word' id='word_1_166' title='bbox 867 2390 990 2421; x_wconf 88' lang='lat' dir='ltr'>vero</span> <span class='ocrx_word' id='word_1_167' title='bbox 1038 2369 1398 2420; x_wconf 83' lang='lat' dir='ltr'>decedentium</span> <span class='ocrx_word' id='word_1_168' title='bbox 1455 2369 1517 2416; x_wconf 86' lang='lat' dir='ltr'>ab</span> <span class='ocrx_word' id='word_1_169' title='bbox 1567 2372 1700 2417; x_wconf 88' lang='lat' dir='ltr'>inte-</span> 
     </span>
     <span class='ocr_line' id='line_1_30' title="bbox 329 2449 1700 2517; baseline -0.001 -20"><span class='ocrx_word' id='word_1_170' title='bbox 329 2461 496 2508; x_wconf 68' lang='grc' dir='ltr'>εἴατο,</span> <span class='ocrx_word' id='word_1_171' title='bbox 529 2451 750 2513; x_wconf 88' lang='lat' dir='ltr'>qvaliter</span> <span class='ocrx_word' id='word_1_172' title='bbox 776 2454 838 2499; x_wconf 89' lang='lat' dir='ltr'>sit</span> <span class='ocrx_word' id='word_1_173' title='bbox 870 2449 1243 2517; x_wconf 86' lang='lat' dir='ltr'>disponendum</span> <span class='ocrx_word' id='word_1_174' title='bbox 1263 2485 1277 2507; x_wconf 93' lang='lat'>,</span> <span class='ocrx_word' id='word_1_175' title='bbox 1308 2449 1553 2514; x_wconf 86' lang='lat' dir='ltr'>Superior</span> <span class='ocrx_word' id='word_1_176' title='bbox 1580 2465 1700 2495; x_wconf 87' lang='lat' dir='ltr'>con·</span> 
     </span>
     <span class='ocr_line' id='line_1_31' title="bbox 296 2528 1698 2593; baseline -0.003 -16"><span class='ocrx_word' id='word_1_177' title='bbox 296 2529 545 2583; x_wconf 57' lang='lat' dir='ltr'>sulatum</span> <span class='ocrx_word' id='word_1_178' title='bbox 635 2529 879 2578; x_wconf 82' lang='lat' dir='ltr'>Sacerdos</span> <span class='ocrx_word' id='word_1_179' title='bbox 909 2566 924 2589; x_wconf 84' lang='lat'>,</span> <span class='ocrx_word' id='word_1_180' title='bbox 971 2532 1054 2593; x_wconf 79' lang='lat' dir='ltr'>qvi</span> <span class='ocrx_word' id='word_1_181' title='bbox 1094 2528 1321 2576; x_wconf 87' lang='lat' dir='ltr'>interfuit</span> <span class='ocrx_word' id='word_1_182' title='bbox 1369 2537 1698 2584; x_wconf 88' lang='lat' dir='ltr'>testamento,</span> 
     </span>
     <span class='ocr_line' id='line_1_32' title="bbox 330 2606 1699 2676; baseline -0.004 -17"><span class='ocrx_word' id='word_1_183' title='bbox 330 2606 503 2676; x_wconf 73' lang='lat' dir='ltr'>legata</span> <span class='ocrx_word' id='word_1_184' title='bbox 533 2606 598 2656; x_wconf 83' lang='lat' dir='ltr'>ad</span> <span class='ocrx_word' id='word_1_185' title='bbox 633 2611 742 2675; x_wconf 88' lang='lat' dir='ltr'>pias</span> <span class='ocrx_word' id='word_1_186' title='bbox 771 2625 978 2670; x_wconf 80' lang='lat' dir='ltr'>causaS‚</span> <span class='ocrx_word' id='word_1_187' title='bbox 1017 2625 1045 2656; x_wconf 89' lang='lat' dir='ltr'>a</span> <span class='ocrx_word' id='word_1_188' title='bbox 1069 2619 1233 2657; x_wconf 87' lang='lat' dir='ltr'>morte</span> <span class='ocrx_word' id='word_1_189' title='bbox 1263 2609 1550 2665; x_wconf 85' lang='lat' dir='ltr'>testatoris,</span> <span class='ocrx_word' id='word_1_190' title='bbox 1582 2623 1699 2656; x_wconf 86' lang='lat' dir='ltr'>mox</span> 
     </span>
     <span class='ocr_line' id='line_1_33' title="bbox 1482 2686 1630 2736; baseline -0.007 0"><span class='ocrx_word' id='word_1_191' title='bbox 1482 2686 1630 2736; x_wconf 85' lang='lat' dir='ltr'>Prae·</span> 
     </span>
    </p>
   </div>
  </div>
 </body>
</html>
