1779 3128
677 222 862 237 '’⁸'‘-
1384 228 1448 272 57

81 333 334 406 praestitis
386 331 768 399 eleemosynis,
817 331 1015 397 absqve
1065 333 1319 382 praesulis
1357 350 1447 382 an-

79 427 220 467 nutu.
292 413 371 461 26.
413 411 638 470 Clerici,
682 411 915 479 prolem,
956 429 1113 477 qvam
1151 417 1203 462 in
1238 416 1447 461 maiori-

78 497 166 546 bus
204 492 467 541 ordinibus
516 494 809 549 constituti,
857 504 1183 557 genuerunt,
1233 492 1300 541 ad
1337 497 1446 542 evi-

74 576 321 623 tationem
356 570 614 629 scandali,
644 571 784 637 apud
812 587 865 619 se
898 588 1002 620 non
1027 583 1251 627 teneant.
1304 574 1445 621 Haec

70 670 196 701 vero
246 654 454 700 maioris
501 650 764 711 Ecclesiae
802 653 1049 710 servitio,
1099 656 1180 701 cui
1228 653 1445 704 subiecti

70 743 220 790 sunt,
271 731 558 780 addicatur.
646 729 862 779 Parochi
911 731 1085 789 aleas,
1135 743 1185 780 et
1221 734 1440 792 taxillos‚

68 811 212 861 domi
262 828 326 859 ne
378 810 620 873 habeanst.
706 825 782 871 27.
833 810 1106 876 Reliqviae
1141 817 1442 879 conspectui

69 907 175 940 non
225 891 350 939 alias
397 877 787 957 proponantur,
845 907 1001 955 qvam
1049 894 1100 939 in
1146 895 1442 958 praecipuis

0 1022 1 1029 χ
69 970 477 1030 festivitatibus,
513 981 563 1019 et
603 973 655 1019 in
694 973 1137 1037 peregrinantium
1174 989 1441 1022 concursu.

70 1049 149 1100 Ne
185 1050 491 1100 vendantur.
574 1051 853 1108 Inventae,
906 1049 1161 1099 duntaxat
1195 1063 1315 1118 post
1350 1050 1443 1100 ad-

68 1131 429 1197 probationem
466 1131 689 1179 Romani
732 1130 1027 1188 Pontificis,
1065 1131 1310 1196 publicae
1348 1150 1442 1181 ve-

67 1213 325 1258 nerationi
376 1220 719 1275 exponantur.
807 1216 884 1263 28.
935 1209 1102 1259 Nemo
1152 1211 1218 1259 ad
1265 1211 1443 1277 pradi-

69 1288 320 1350 candum,
359 1304 464 1335 non
504 1289 732 1336 munitus
770 1290 1048 1337 autoritate
1072 1288 1326 1355 legitima,
1352 1291 1444 1340 ad-

67 1370 318 1416 mittatur.
389 1365 573 1431 Neqve
610 1368 930 1433 recipiantur
973 1380 1269 1431 qvaestores
1306 1372 1441 1420 elee-

65 1448 385 1513 mosynarii,
436 1441 733 1504 pontificis,
781 1445 1040 1512 legative,
1091 1459 1178 1496 aut
1219 1449 1442 1500 Dioece·

65 1528 176 1573 sani
211 1526 401 1573 Literis
438 1541 542 1573 non
578 1528 794 1593 provisi.
835 1525 931 1592 gg)
1007 1542 1084 1590 29.
1123 1527 1226 1576 Res
1263 1530 1439 1581 Eccle-

65 1607 410 1671 siae'pignori
446 1621 549 1653 non
601 1604 788 1655 dentur
825 1621 1005 1666 secu5,
1063 1624 1219 1671 qvam
1250 1627 1347 1676 pro
1386 1630 1439 1660 e-

65 1686 265 1734 iusdem
300 1684 558 1744 utilitate,
597 1696 646 1734 et
683 1703 801 1734 cum
840 1689 1119 1753 superioris
1162 1706 1435 1740 consensu.

5 1763 8 1766 ’
61 1778 142 1823 3ο.
191 1764 439 1813 Rectores
477 1764 858 1825 Ecclesiarum,
909 1765 1071 1827 nihil,
1128 1767 1270 1832 qvod
1322 1788 1438 1837 spe-

64 1854 227 1892 ctaret
263 1842 331 1892 ad
369 1861 486 1904 eas,
524 1844 853 1895 abalienents
908 1845 1068 1895 Facta
1105 1848 1437 1909 abalienatio,

62 1922 207 1971 nulla
245 1925 324 1972 sit.
412 1923 491 1972 Ne
538 1942 667 1973 vero
706 1925 827 1984 fiat,
875 1924 1268 1976 Archidiaconis
1315 1947 1438 1978 cura

62 2013 188 2052 esto.
259 2002 309 2050 Si
348 2003 473 2068 qvid
510 2007 779 2054 emerserit
813 2004 909 2054 hac
945 2008 996 2055 in
1033 2025 1121 2068 re,
1154 2011 1237 2057 isti
1274 2008 1437 2058 Dioe-

63 2084 258 2130 cesanis
292 2084 695 2132 annunciabunt.
768 2099 848 2144 31.
888 2085 1117 2135 Clericus
1147 2100 1290 2138 extra
1318 2107 1438 2156 pro-

61 2163 320 2220 vinciam,
358 2163 556 2227 absqve
594 2163 904 2214 Dioecesani
938 2166 1149 2217 licentia
1184 2167 1324 2218 haud
1344 2188 1436 2237 pe-

62 2244 386 2306 regi-inetur,
438 2243 668 2306 alioqvin
708 2261 736 2291 a
772 2244 1039 2294 Beneficio
1078 2247 1438 2300 Ecclesiastico

62 2335 155 2384 per
203 2337 393 2369 annum
441 2321 856 2388 suspendendus.
935 2340 1018 2384 32.
1069 2325 1236 2376 Nemo
1289 2333 1436 2396 igno-

61 2408 175 2458 tuS,
212 2399 402 2466 absqve
440 2404 516 2451 sui
545 2403 887 2467 ordinatoris,
923 2406 1011 2454 vel
1048 2410 1138 2472 qvi
1168 2407 1288 2458 huic
1324 2427 1438 2459 suc-

1235 2494 1371 2538 ‘ces-

116 2596 202 2653 gg)
232 2599 435 2652 Videsis,
478 2617 592 2656 qvae
624 2606 681 2647 de
714 2605 781 2648 his
813 2608 1012 2661 scripsi,
1054 2609 1100 2650 in
1141 2607 1245 2652 hist.
1279 2610 1434 2666 Relig.

167 2675 223 2780 {tv
245 2666 368 2794 E§ccl6.
413 2671 577 2718 ehi-ist.
618 2676 812 2731 periodo
853 2678 935 2720 111.
969 2677 1010 2738 ᾗ.
1051 2680 1119 2731 68.
1154 2689 1201 2722 et
1231 2679 1429 2734 periodo

229 2765 239 2776 .
302 2766 312 2777 .
372 2753 412 2793 7.
