1779 3128
671 204 855 223 ““-““
1360 207 1450 251 155

85 324 267 381 batur;
305 319 534 383 qvidqvid
559 336 758 382 namqve
784 328 980 366 tenetur
1014 321 1062 365 in
1099 317 1217 376 illa,
1253 325 1343 362 aut
1375 325 1451 361 est

83 402 368 449 authoritas
413 401 779 459 scripturarum
801 416 839 456 ‚·
863 401 1012 458 novi,
1050 408 1099 444 et
1134 399 1314 444 veteris
1356 395 1407 442 T
1401 413 1449 441 e·

82 483 362 538 statuenti,
415 480 494 525 vel
552 481 844 525 universalis
900 480 1158 524 Ecclesiae
1213 478 1447 533 traditio,

81 571 173 608 aut
219 562 474 606 institutio
516 562 718 620 propria
781 568 830 604 et
874 559 1203 619 particularis
1253 558 1447 603 existit.

63 631 412 690 ‘Auth'oritate
447 655 559 683 vero
597 637 971 699 Scripturas-um
1002 637 1233 681 totaliter
1264 636 1447 698 guber-

83 730 235 768 natur
252 737 273 779 .ss
309 729 358 764 et
394 721 665 764 universali
699 720 969 763 traditione
1018 717 1337 762 nihilominus
1371 732 1448 760 re-

76 802 220 863 gitur
255 802 362 859 ipsa
399 807 546 844 tota:
576 799 790 859 privatis
830 813 942 841 vero
982 794 1445 847 constitutionibus,

79 888 130 924 et
161 880 378 939 propriis
424 876 862 938 informationibus
906 892 997 935 pro
1033 875 1254 919 locorum
1292 876 1449 918 varie-

80 967 187 1003 tate
235 959 429 1020 regitur
475 972 797 1018 unaquaeqve.
876 957 1161 1015 Eapropter
1209 968 1299 998 nos
1335 952 1442 1009 De-

78 1039 322 1092 marius,
360 1035 489 1091 Dei,
525 1044 573 1080 et
609 1035 929 1097 Apostolicae
966 1032 1106 1079 Sedis
1138 1033 1314 1095 gratia
1349 1034 1447 1078 Ar-

79 1118 414 1176 chiepiscopus
471 1114 828 1176 strigoniensis
859 1148 873 1169 ‚
937 1114 1187 1174 Aulaeqve
1253 1112 1448 1174 Regiae

83 1195 420 1241 Cancellarius
447 1228 462 1250 ‚
513 1209 632 1254 qvae
678 1194 748 1238 ad
793 1193 1195 1254 informationem
1230 1180 1443 1247 morum,-

82 1283 132 1320 et
180 1273 521 1320 Ecclesiarum
576 1281 778 1317 nostrae
828 1272 1090 1326 Dioecesjs
1136 1271 1441 1332 profectum,

81 1363 143 1399 ac
193 1354 485 1398 delictorum
540 1353 886 1397 coercitionem
936 1359 1055 1397 sunt
1083 1385 1098 1408 ‚
1146 1352 1445 1409 prudentum

72 1435 380 1494 participato
417 1432 621 1477 consilio
645 1465 660 1487 ‚
717 1439 766 1476 et
802 1446 1040 1477 consensu
1077 1430 1311 1492 fratrum
1357 1447 1444 1476 no·

78 1521 300 1557 strorum
329 1510 661 1557 Dominorum
696 1512 756 1556 de
788 1511 928 1556 Clero
954 1512 1246 1568 accedente,
1284 1510 1444 1571 infra·

79 1593 295 1650 scriptas
346 1590 725 1637 constitutiones
776 1591 963 1636 edimus
986 1625 1003 1650 ‚
1051 1599 1206 1651 prout
1258 1599 1442 1650 tempo·

78 1687 188 1714 rum
224 1670 488 1724 varietati,
527 1671 769 1715 credimus
805 1673 1033 1731 expedire
1056 1688 1078 1730 ;
1135 1673 1357 1732 ipsasque
1393 1673 1441 1715 in

81 1749 220 1795 Cleri
266 1751 496 1793 notitiam
548 1751 750 1809 scriptis
806 1739 1151 1810 praesentibus
1208 1751 1444 1796 duximus

77 1828 409 1889 deferenda5‚
474 1836 523 1872 et
577 1828 627 1874 in
675 1831 770 1874 hac
828 1827 1030 1891 Synodo
1078 1830 1441 1890 publicandas:

76 1909 368 1952 mandantes
403 1909 627 1965 easdem,
662 1909 753 1953 sub
784 1910 953 1969 poenis
988 1910 1197 1954 adiectis
1235 1909 1441 1954 inviola-

77 1985 243 2031 biliter
277 1987 561 2044 observari,
599 1996 648 2033 et
681 2004 826 2048 super
859 1989 1057 2034 illarum
1093 1989 1438 2034 observatione

78 2081 242 2110 omnes
278 2075 327 2111 et
359 2067 584 2129 singulas
613 2083 854 2127 personas
890 2069 1313 2124 Ecclesiasticas‚
1363 2070 1438 2112 iu-

72 2162 130 2189 re
166 2145 508 2204 Dioecesano‚
552 2149 749 2207 primo,
801 2156 850 2192 et
884 2148 1126 2206 secundo,
1180 2157 1228 2193 et
1263 2149 1435 2205 εει-εἷο,

72 2239 134 2268 ac
164 2228 486 2285 peremptorie
511 2227 830 2272 admonentes
851 2262 864 2284 ‚
897 2243 1170 2290 poenasqve
1203 2230 1438 2288 spiritua·

77 2302 179 2359 les,
216 2320 276 2349 ac
309 2321 609 2368 quascunque
644 2308 772 2351 alias
807 2309 1023 2352 insertas
1058 2324 1121 2353 ex
1153 2312 1297 2363 nunc,
1323 2323 1439 2368 pro·-

80 2389 137 2425 ut
176 2399 237 2428 ex
271 2393 422 2443 tunc,
460 2394 509 2431 et
543 2403 605 2432 ex
643 2396 792 2443 tunc,
836 2396 989 2446 prout
1022 2403 1084 2433 ex
1122 2404 1280 2444 nunc,
1332 2390 1438 2448 ipso

67 2461 220 2522 facto
247 2463 585 2524 publicantes,
622 2475 672 2511 et
696 2467 1006 2528 proferentes
1033 2469 1082 2513 in
1108 2469 1186 2513 his
1211 2469 1434 2528 scriptis,

72 2549 252 2585 contra
284 2544 500 2602 ipsarum
531 2551 821 2592 temerarios
851 2556 1246 2610 transgressores
1262 2564 1284 2606 ,⁸
1325 2563 1436 2597 con·

69 2622 446 2685 stitutionesqve
481 2626 614 2685 ipsas
648 2628 1039 2688 interpretandi,
1088 2635 1138 2673 et
1172 2627 1430 2674 declaran-

1298 2708 1366 2766 di,

754 2776 759 2796 t
