1779 3128
727 243 912 261 ...-
1208 244 1212 247 ,
1452 237 1514 295 39

116 358 319 408 -Abbw
338 357 397 407 B.
433 357 496 404 V.
536 353 599 403 de
638 354 830 422 Rayk,
870 357 1098 414 Lector,
1150 366 1199 403 et
1249 351 1374 403 Can.
1412 351 1511 400 Ca-

125 439 279 505 pituli
319 437 678 495 Castriferrei,
718 453 840 493 suo,
881 447 929 483 et
970 433 1133 483 ciusd.
1164 434 1392 502 Capituli
1416 450 1510 481 no-

125 520 281 566 mine.
353 516 1002 566 Franciscus,Ianclrievics
1024 551 1038 573 ,
1075 515 1266 563 Lector
1299 525 1349 562 et
1378 513 1509 562 Can.

125 597 265 646 Eccl.
304 597 520 662 Zagrab.
561 599 769 643 nomine
808 595 1095 661 Episcopi,
1152 606 1202 642 et
1241 594 1369 661 Cap.
1411 593 1510 642 Za-

124 677 266 743 grab.
309 682 618 724 consentiens
653 679 910 734 omnihus,
962 679 1137 736 salvo,
1189 680 1320 740 qvod
1364 693 1512 737 super

123 762 229 805 ritu
270 760 492 822 Zagrab.
532 757 635 804 Sua
669 757 928 805 Sanctitas
977 760 1279 820 requiratur.
1353 753 1507 802 Cete-

124 839 225 894 ris,
278 839 365 900 qvi
406 836 613 901 Synodo
661 834 779 883 huic
820 835 1082 884 Nationali
1137 833 1200 882 de
1243 836 1353 881 iure
1382 869 1399 891 ,
1454 849 1515 880 ac

123 916 188 964 de
228 933 370 963 more
409 918 658 964 interesse
699 914 1022 975 debuerant,
1078 931 1174 963 nee
1215 925 1390 962 tamen
1429 915 1506 960 in-

123 996 448 1053 terfuerunt,
500 1012 593 1043 nec
643 997 797 1043 etiam
847 995 1121 1043 absentiae
1171 1010 1292 1041 suae
1328 990 1507 1041 reddi·

124 1074 311 1123 derunt
358 1091 602 1134 causam,
651 1073 716 1122 ad
769 1061 1077 1122 instantiam
1105 1073 1358 1137 Fiscahs,
1397 1071 1507 1120 dies

123 1153 292 1217 dicta;
331 1154 567 1220 Synodus
607 1166 781 1203 autem
819 1154 1084 1213 dissoluta.

597 1283 648 1353 §.
719 1287 992 1338 xxxvn.
1312 1345 1315 1351 ,

278 1410 555 1487 Synodus
603 1407 775 1467 Tim.
820 1407 1128 1467 MDCXL
1145 1409 1330 1467 VIII.

254 1554 585 1623 Qvamqv‘am
623 1556 859 1624 Synodus
886 1574 1023 1606 nunc
1056 1559 1346 1616 recensita,
1383 1573 1505 1605 con-

121 1639 386 1697 stituerit,
441 1649 495 1686 ut
545 1655 683 1686 anno
732 1638 946 1686 Domini
999 1637 1142 1693 1640.
1180 1640 1353 1704 prima
1392 1648 1510 1703 post

120 1728 357 1764 octavam
398 1716 641 1783 Corporis
672 1716 864 1766 Christi
888 1709 1209 1775 Domfflica,
1249 1733 1344 1783 par
1380 1715 1511 1765 huic

118 1795 352 1861 Synodus
392 1797 715 1846 celebretur:
756 1800 968 1846 evanuit
1003 1796 1094 1844 illa
1123 1808 1316 1857 tamen,
1343 1807 1503 1860 atqve

116 1875 336 1937 Losius,
377 1880 466 1941 qvi
503 1877 633 1926 hanc
672 1877 940 1926 celebrare
989 1875 1321 1935 decreverat,
1367 1892 1506 1923 anno

122 1956 263 2010 1641.
347 1958 430 2006 die
487 1973 561 2018 17.
600 1958 910 2016 Februarii,
949 1958 1012 2005 ad
1050 1957 1269 2024 Superos
1310 1959 1503 2022 migra-

114 2038 206 2084 vit.
278 2037 411 2086 Huic
433 2042 675 2087 successit
700 2037 955 2105 Georgius
983 2038 1189 2104 Lippay
1209 2073 1224 2094 ,
1258 2035 1321 2085 de
1345 2036 1502 2084 Zom-

115 2114 242 2176 bor,
294 2120 381 2181 qvi
430 2118 581 2166 claris
633 2119 868 2178 Posonii,
913 2136 1052 2181 ranno
1090 2118 1307 2166 Domini
1352 2118 1497 2167 1600.

114 2196 411 2260 parentibus
463 2198 687 2247 feliciter
739 2210 889 2248 natus
922 2236 935 2257 ‚
992 2209 1274 2265 postqvam
1337 2196 1506 2257 domi,

116 2274 379 2335 Viennae,
430 2288 540 2325 tum
594 2276 802 2326 Graecii
852 2279 1017 2327 literis
1070 2288 1386 2337 vacaverat,
1427 2276 1499 2325 A-

122 2357 309 2418 griensi
351 2357 585 2424 Collegio
636 2357 1018 2424 Canonicorum
1068 2357 1397 2423 adscriptuS,
1447 2360 1500 2405 in

123 2431 248 2479 urbe
286 2434 520 2486 Romana
558 2437 915 2503 Theologiae,
967 2440 1198 2502 iurisqve
1240 2437 1493 2487 Canonici

120 2526 323 2559 cursum
358 2520 676 2566 terminavit.
749 2516 1019 2566 Reducem
1055 2520 1107 2565 in
1133 2520 1391 2584 patriam,
1429 2517 1494 2564 li-

119 2600 198 2636 cet
261 2590 540 2644 Pazmanus
607 2597 860 2646 Canonici
913 2596 1328 2664 strigoniensis,
1380 2608 1492 2645 tum

117 2667 404 2735 Praepositi
439 2673 488 2736 Se
525 2676 771 2744 Stephani
808 2679 873 2727 de
914 2677 1095 2728 Castro
1135 2679 1496 2746 strigoniensi,

1336 2757 1426 2810 ho-
