1779 3128
170 668 174 673 ,
314 628 360 661 2.
413 617 527 661 idus
574 617 714 663 Iulii.
795 617 993 663 Datum
1042 621 1251 674 Budae,
1298 636 1427 664 αηηο
1479 618 1696 666 Domini

308 189 371 235 50
902 168 1087 214 {2:233}

276 300 364 353 „in
413 293 635 345 formula
665 331 679 354 ‚
741 312 835 363 per
884 313 1038 360 qvam
1088 296 1272 347 electio
1321 296 1687 363 Strigoniensis

314 376 738 442 Archiepiscopi‚
793 376 1031 424 Romano
1071 377 1309 427 Pontifici
1347 376 1688 439 significanda

311 457 645 522 praecipitur.
715 454 1062 504 Nihilominus
1101 469 1241 505 caret
1279 460 1549 523 postremis
1584 455 1689 503 his-

313 551 403 593 ce,
441 549 573 598 qvae
612 534 751 601 apud
782 535 1085 584 Pe'terffium
1113 526 1378 602 leguntur:
1415 541 1688 584 Pablc'cata

318 696 768 759 13089indictz'one
798 696 1034 758 Septima.
1070 697 1180 745 Ill.
1218 715 1330 743 non.
1368 697 1686 753 Decembris,

313 773 656 834 Pontfficatus
691 775 906 822 Domini
945 779 1206 823 Clementis
1243 778 1416 835 Papae
1459 778 1519 822 V.
1559 794 1689 822 anno

315 863 511 917 quarto·
580 849 754 915 Atqve
802 851 935 901 hanc
971 853 1034 901 ob
1074 871 1216 911 rem,
1266 852 1343 901 Cl.
1392 852 1721 920 Dobnerus,¹

315 930 648 995 augurandO,
688 932 952 996 Synodum
989 932 1167 990 illam,
1204 930 1269 978 ad
1306 942 1530 979 aetatem
1570 931 1689 979 Cle-

314 1012 503 1058 mentis
541 1012 704 1073 sexti,
743 1009 1157 1060 transferendam
1194 1028 1304 1059 esse
1340 1014 1562 1077 putavit.

856 1140 909 1211 §.
981 1144 1147 1195 Xvn.

760 1264 919 1327 Eius
959 1267 1249 1324 recensio,

453 1412 596 1464 Illius
635 1430 730 1481 ego
766 1411 963 1480 Synodi
1017 1412 1386 1479 compendium
1418 1413 1693 1472 relaturus,

319 1492 572 1542 duntaxat
606 1493 876 1541 historicus
908 1510 1026 1551 ero,
1066 1511 1180 1541 culn
1218 1510 1276 1541 ea
1309 1493 1693 1541 Beneficiorum

316 1571 834 1631 Ecclesiasticorum‚
872 1588 1005 1636 qvae
1042 1573 1115 1621 ibi
1151 1571 1552 1638 praescribitur,
1588 1572 1693 1619 for-

318 1668 435 1710 ma,
473 1655 583 1700 sine
628 1652 829 1717 Regum
866 1652 1289 1716 Apostolicorum
1338 1653 1527 1699 iniuria
1550 1688 1565 1708 ,
1601 1650 1694 1699 ho-
1735 1664 1743 1716 f

321 1729 405 1778 die
455 1734 759 1795 neutiqvam
809 1730 1072 1778 observari
1125 1733 1304 1796 possit.
1396 1729 1581 1796 Agitur
1619 1730 1694 1778 ibi

319 1812 568 1859 nimirum
606 1810 671 1857 de
713 1810 1001 1868 electione,
1055 1827 1114 1858 ac
1168 1811 1519 1876 postulatione
1568 1808 1697 1858 faci-

322 1889 486 1947 enda,
521 1891 573 1936 in
610 1889 778 1937 forma
808 1892 1067 1949 scrutinii,
1107 1893 1497 1956 compromissi,
1536 1901 1584 1938 et
1618 1892 1696 1937 in-

324 1971 651 2034 spirationis,
687 1968 775 2016 vel
809 1971 953 2032 qvasi
992 1995 1055 2004 —-
1090 1972 1474 2035 inspirationis,
1512 1972 1563 2016 in
1600 1969 1698 2016 Ec-

325 2047 494 2095 clesiis
530 2046 956 2107 Cathedralibus‚
1007 2048 1385 2113 Regularibus,
1438 2059 1487 2096 et
1526 2047 1697 2096 Colle·
1747 2104 1752 2112 ι

327 2128 514 2191 giafis,
552 2126 893 2175 observanda.
966 2126 1333 2192 Qvapropter,
1387 2125 1698 2175 describitur

326 2208 550 2270 primum
591 2205 758 2253 forma
793 2205 1058 2253 literarum
1086 2241 1101 2262 ,
1155 2206 1337 2269 qvibus
1375 2204 1699 2253 convocandi

326 2295 476 2341 sunt,
516 2286 604 2347 qvi
643 2283 874 2350 gaudent
908 2283 1132 2350 eligendi
1171 2287 1298 2333 iure.
1368 2282 1507 2331 Tum
1550 2299 1699 2331 enar-

332 2372 472 2408 ratur
509 2362 734 2427 eligendi
763 2380 962 2411 norma.
1038 2363 1173 2411 Dein
1198 2363 1564 2427 praescribitur
1593 2357 1725 2411 for-¹

330 2440 501 2498 mula,
547 2453 813 2506 peractam
867 2442 1177 2490 electionem
1230 2442 1382 2490 Clero
1420 2453 1571 2506 atqve
1607 2459 1703 2508 po-

329 2518 453 2583 pulo
491 2519 854 2569 annunciandi.
928 2519 1067 2568 Tum
1099 2522 1228 2578 alia,
1266 2538 1359 2587 per
1387 2538 1542 2585 qvam
1579 2538 1703 2570 con-

332 2597 555 2645 firmatio
593 2602 788 2663 petitur
820 2616 849 2647 a
887 2599 1141 2654 pontifice
1196 2601 1449 2650 Romano.
1521 2601 1703 2665 Seqvi-

1554 2693 1639 2731 tur
