1779 3128
641 211 824 241 m
1333 212 1427 262 159

590 314 641 385 §.
713 319 876 368 LXV.

214 457 360 534 Syn.
408 451 599 527 Str-123⁴.
646 473 746 509 an.
795 452 1256 514 MCCCXCIJI.

182 617 285 665 Sub
326 614 509 664 eodem
547 613 952 680 Archiepiseopo
988 615 1215 673 Ioanne,
1254 628 1432 666 coacta

52 696 145 747 fuit
186 696 420 762 Synodus
453 695 769 743 Dioecesana
802 693 1076 759 Sti-igonii,
1115 709 1250 742 anno
1288 710 1430 758 1393.

51 776 186 825 festo
224 776 283 823 B.
312 774 522 840 Georgii
561 775 639 823 M.
668 773 753 821 ubi
784 771 1048 819 decretum
1078 784 1180 821 est:
1220 773 1288 822 Ut
1318 775 1432 823 Ple-

51 854 175 904 bani
224 854 497 901 Districtus
548 853 906 909 posoniensis,
961 853 1045 914 qvi
1100 850 1166 898 ad
1205 852 1431 919 Praepo-

54 937 209 981 situm
263 932 483 998 Capituli
538 931 850 997 Collegiati,
904 929 1047 978 velut
1099 930 1474 980 Archidiaco->

52 1022 173 1059 num
212 1029 359 1058 suum
395 1010 757 1077 pertinebant,
798 1025 967 1057 sacros
1011 1010 1237 1074 liqvores
1275 1010 1433 1060 Poso-

51 1093 156 1146 nii,
211 1107 236 1138 e
273 1090 503 1137 manibus
543 1089 754 1137 plebani
794 1088 1060 1137 Ecclesiae
1112 1088 1160 1137 S.
1213 1090 1435 1140 Martini

53 1173 375 1232 reciperent,
413 1169 663 1233 Strigonio
702 1168 823 1215 illuc
860 1167 1097 1228 delatos;
1150 1179 1305 1233 atqve
1341 1169 1438 1219 hac

55 1243 328 1295 occasione
376 1247 554 1311 singuli
609 1246 955 1311 qvadraginta
1003 1247 1246 1296 candelas
1288 1250 1438 1297 unius

54 1326 261 1393 palmae
312 1324 696 1391 longitudinem
749 1324 1028 1384 habentes,
1084 1343 1142 1374 ac
1201 1327 1436 1376 denarios

55 1417 273 1469 qvatuor
302 1403 474 1453 eidem
505 1407 883 1470 consignarent.
958 1405 1034 1454 Ac
1059 1411 1281 1471 pecunia
1320 1412 1436 1471 qvi-

57 1483 177 1531 dem
229 1484 440 1531 cederet
475 1487 525 1531 in
564 1483 878 1531 refusionem
932 1501 1269 1549 expensarum
1323 1487 1440 1535 Ple-

7 1618 13 1624 ·
56 1563 227 1621 bano,
267 1562 516 1610 candelae
553 1566 680 1610 vero
705 1600 720 1621 ,
773 1564 1238 1630 Metropolitanum
1281 1568 1437 1624 inter,

59 1653 109 1689 et
146 1641 488 1707 Collegiatam
526 1643 893 1691 Posoniensem
924 1642 1214 1692 Ecclesiam
1253 1663 1314 1692 ex
1350 1661 1438 1693 ae-

58 1738 157 1784 qvo
180 1719 554 1769 dividerentur.
598 1722 657 1786 q)
735 1721 874 1786 Qx·id
895 1725 945 1770 in
972 1738 1031 1771 ea
1056 1723 1264 1790 Synodo
1288 1740 1439 1790 prae-

58 1810 202 1848 terea
241 1802 303 1847 sit
341 1811 548 1860 actum,
587 1805 785 1867 penitus
822 1818 904 1849 me
943 1801 1102 1851 labet.
1453 1808 1455 1810 ’

591 1956 640 2028 §.
711 1960 900 2009 LXVI.

182 2095 331 2170 Syn.
374 2094 612 2152 Iaurin.
658 2114 756 2151 an.
801 2093 991 2153 MCD
1006 2095 1316 2152 XXVIII.

173 2266 431 2315 [Dubium
490 2270 659 2333 reperi
719 2268 996 2332 vestigium
1049 2267 1245 2335 Synodi
1277 2306 1294 2330 ,
1346 2286 1443 2337 per

66 2343 426 2406 Clementem,
461 2345 600 2396 huius
637 2348 858 2394 nominis
887 2346 1103 2395 alterum
1127 2384 1141 2406 ,
1178 2347 1442 2399 Ecclesiae

67 2423 374 2473 laurinensis
425 2427 740 2492 Episcopum
804 2438 1140 2477 convocatae.
1246 2428 1319 2477 Ac
1377 2428 1443 2478 de

66 2503 182 2567 ipso
221 2502 431 2566 qvidem
461 2505 699 2554 Praesule
722 2541 737 2564 ,
773 2503 869 2553 hoc
903 2521 1062 2554 unum
1088 2507 1261 2555 dicere
1299 2511 1444 2568 novi,

1239 2586 1378 2652 qvod

127 2709 179 2768 q)
209 2713 402 2758 Docum.
432 2712 605 2774 legitur
633 2730 704 2773 ap.
734 2716 946 2776 Peterffy
976 2717 1032 2762 T.
1059 2718 1094 2763 1.
1127 2731 1236 2776 pag.
1272 2722 1364 2767 186.
