1779 3128
302 175 397 224 260
889 182 1073 214 ==3

304 283 625 361 Ujvariensis
655 332 670 356 ,
725 294 932 346 decreta
983 296 1304 364 Synodorum
1355 286 1664 348 Timavien-

301 378 429 424 sium
454 412 468 434 ‚
508 393 642 424 anno
686 378 824 425 1611.
867 378 1006 436 1630.
1043 389 1093 426 et
1125 379 1262 438 1633.
1298 377 1535 438 condita,
1571 396 1668 444 pu-

300 456 496 504 blicare
535 454 784 505 decrevit.
857 456 1187 524 Qvapropter
1214 458 1469 507 celebrata
1502 459 1667 524 Syno-

300 535 364 582 do
400 539 450 584 in
486 535 712 584 Ecclesia
741 534 1054 595 Parochiali‚
1091 536 1139 583 S.
1166 535 1412 586 Michaeli
1440 537 1669 586 Archan-

298 613 413 681 gelo
469 602 638 662 dicata
668 651 682 673 ‚
737 630 870 662 anno
921 615 1061 674 1635.
1120 614 1202 665 die
1243 616 1290 664 S.
1330 618 1506 664 Ioanni
1547 628 1667 665 ante

296 704 506 759 portam
543 693 756 741 latinam
794 708 970 752 sacr0‚
1007 710 1064 742 ac
1092 695 1420 759 seqventibus
1453 695 1670 754 duobus,

297 773 418 821 talia
440 772 702 822 decrevit:
746 788 785 821 1.
823 772 1179 832 Breviarium‚
1217 773 1535 838 Missaleqve
1567 775 1672 822 Ro-

303 868 514 900 manum
551 854 705 918 recipi
747 850 961 900 debere.·
1036 868 1089 913 2.
1129 853 1186 900 ln
1222 853 1673 902 Sacramentorum

299 930 777 991 administratione,
816 931 1011 978 ritualis
1039 931 1172 980 liber
1208 932 1569 998 Strigoniensis
1598 937 1674 982 vi-

298 1021 431 1075 geat.
511 1023 556 1067 3.
608 1009 884 1074 Postqvam
933 1009 1189 1075 indultum
1229 1022 1339 1071 est,
1374 1016 1514 1061 vesci
1558 1012 1670 1062 die-

298 1089 392 1138 bus
431 1090 740 1137 ieiuniorum
791 1089 1060 1138 lacticiniis
1107 1107 1163 1138 ac
1215 1093 1323 1142 ovis
1353 1127 1368 1151 ‚
1415 1109 1508 1158 pro
1561 1104 1671 1142 tota

296 1169 596 1233 Hungaria‚
648 1171 871 1234 seposita
918 1170 983 1217 de
1037 1169 1134 1217 hoc
1187 1175 1574 1232 controversia,
1624 1175 1668 1221 si

297 1251 382 1311 qvi
420 1246 748 1295 nihilominus
784 1247 1042 1297 voluerint
1080 1249 1143 1297 ab
1183 1252 1242 1297 iis
1280 1250 1568 1310 abstinere,
1618 1250 1674 1299 id

298 1342 630 1390 neqvaqvarn
666 1336 898 1375 vetetur:
946 1332 1090 1376 modo
1123 1348 1230 1376 cum
1267 1347 1351 1377 esu
1376 1334 1663 1392 praedicto-

297 1426 408 1454 rum
445 1411 750 1463 ieiunantes,
786 1425 882 1455 non
919 1419 1296 1455 contemnantur
1331 1411 1394 1455 ab
1431 1413 1493 1456 iis
1516 1445 1531 1467 ‚
1586 1413 1674 1474 qvl'

289 1489 550 1549 praedicto
586 1489 730 1533 modo
765 1490 870 1534 sine
904 1504 988 1534 esu
1026 1506 1259 1546 ovorum,
1300 1498 1350 1535 et
1385 1489 1664 1535 lacticinio-

299 1585 409 1612 rum
434 1568 653 1612 ieiunare
680 1568 941 1613 voluerint.
999 1580 1045 1620 4.
1086 1565 1521 1614 Dioecesanarum
1545 1582 1672 1630 qvo-

301 1660 399 1707 qve
438 1642 763 1707 Synodorum
803 1643 1065 1692 Ecclesiae
1092 1645 1318 1710 Metrop.
1356 1644 1672 1709 Strigonien-

300 1726 363 1770 sis
418 1721 626 1770 decreta
680 1724 853 1788 re01pi,
890 1722 1213 1771 declarantur
1245 1759 1261 1781 ,
1329 1722 1671 1786 iubenturqve

297 1802 578 1852 observari.
649 1801 860 1849 Praeter
896 1818 1062 1865 qvae,
1101 1801 1350 1849 nonnulla
1375 1801 1454 1849 hic
1485 1802 1669 1849 decer-

293 1893 497 1944 nuntur.
588 1896 635 1940 5.
689 1881 986 1929 Residentia
1032 1884 1218 1929 curatis
1267 1879 1572 1928 inculcatur.
1615 1895 1661 1940 5.

297 1959 545 2008 Canonici
596 1960 790 2024 absqve
840 1961 1071 2025 legitima
1106 1975 1293 2016 causa,
1343 1960 1598 2024 imprimis
1638 1976 1670 2008 a

294 2040 459 2087 Missa
509 2051 755 2097 cantata,
809 2041 1143 2104 vesperisqve
1193 2038 1428 2090 absentes
1488 2038 1668 2097 futuri,

292 2130 464 2167 taxata
500 2129 846 2184 proventuum
884 2120 1165 2181 qvantitate
1189 2153 1204 2175 ‚
1250 2133 1345 2183 pro
1382 2116 1538 2164 modo
1574 2118 1664 2166 ab·

294 2201 488 2248 sentiae
524 2197 919 2245 mulctabuntur.
993 2196 1282 2244 Praesentia
1319 2198 1369 2243 in
1412 2196 1665 2254 Ecclesia,

296 2276 596 2341 Praeposito
635 2278 856 2334 Maiori,
909 2276 1148 2331 Lectori,
1201 2273 1442 2333 cantori,
1484 2274 1671 2323 Custo-

295 2355 382 2411 di,
425 2367 473 2403 et
509 2355 891 2404 Archidiacono
932 2352 1265 2411 Cathedrali,
1319 2356 1543 2401 maxime
1584 2373 1673 2403 cu-

295 2433 466 2481 randa.
495 2433 799 2483 declaratur.
874 2435 1120 2482 Canonici
1160 2450 1220 2480 ex
1249 2433 1458 2500 desecta
1487 2434 1667 2482 Sacer*-

293 2511 510 2569 ditum,
553 2515 601 2558 in
642 2530 762 2561 cura
801 2517 1089 2561 animarum
1125 2515 1347 2572 versati,
1404 2513 1470 2562 ad
1507 2530 1668 2578 onera

294 2595 348 2641 in
389 2591 626 2660 Capitulo
665 2591 913 2654 ferenda,
965 2595 1066 2641 suis
1105 2608 1164 2640 ex
1200 2593 1535 2658 proventibus
1572 2593 1671 2649 ali,

1539 2689 1594 2720 os
