1779 3128
660 224 845 242 ---
1383 226 1441 267 41

661 245 846 253 —--.--—-

135 305 157 314 ἢ

63 347 210 387 textu
250 334 558 384 alienentur.
627 347 708 394 51.
749 334 995 381 Patronus
1033 332 1316 391 Ecclesiae,
1356 333 1445 381 vel

66 418 374 466 Monasterii
424 415 584 463 laicus
614 449 629 473 ,
677 414 1011 460 donationem
1058 413 1321 461 Ecclesiae
1374 415 1448 459 ei-

67 494 222 554 dem,
273 505 358 542 aut
407 495 754 549 monasteriO,
803 494 1004 539 nonnisi
1059 509 1176 541 cum
1224 492 1448 540 Praelati

67 577 426 623 concernentis
465 589 705 631 assensu,
743 571 916 619 facere
955 583 1142 637 potest.
1227 572 1447 638 Exigere

67 671 195 702 vero
235 654 423 701 abinde
471 670 571 700 non
611 654 655 700 ei
708 651 824 717 plus
862 651 1020 711 licet,
1060 668 1213 716 qvam
1251 654 1327 699 ius
1367 667 1452 699 ca-

68 736 310 782 nonicum
350 732 606 781 admittat.
685 730 999 779 Instituendi
1036 737 1194 788 vero',
1234 742 1322 779 aut
1358 732 1450 778 de-

69 811 319 861 stituendi
369 822 623 878 potestate
653 848 669 868 ,
722 813 1025 875 neutiqvam
1064 809 1274 876 gaudet.
1365 824 1448 870 52.

74 891 490 949 possessionum,
542 906 600 939 ac
638 893 860 948 iurium,
914 887 981 937 ad
1017 889 1312 947 Ecclesias,
1360 888 1451 936 vel

69 973 385 1020 monasteria
407 973 809 1037 pertinentium:
847 973 970 1018 iuris
1007 980 1336 1036 potronatUS,
1363 979 1452 1017 aut

73 1053 259 1114 qvovis
308 1050 410 1098 alio
459 1050 551 1098 sub
601 1061 873 1117 praetextu
925 1060 1299 1116 occupatoreS,
1352 1050 1454 1097 nisi

69 1132 205 1179 intra
241 1141 524 1188 semestre,
562 1146 591 1178 a
629 1128 712 1178 die
742 1127 1044 1196 publicandi
1079 1128 1229 1177 huius
1271 1128 1454 1197 decre-

69 1211 109 1257 ti
158 1209 602 1273 computandum,
648 1226 749 1256 una
801 1226 917 1257 cum
969 1211 1233 1276 perceptis
1272 1208 1455 1257 fructi-

67 1287 161 1357 bus
200 1286 552 1347 reddiderint,
589 1288 761 1353 palam
792 1291 1340 1349 excommunicentur,
1379 1291 1457 1337 in-

70 1379 293 1426 vocato,
330 1369 371 1414 si
407 1383 535 1433 opus
576 1367 768 1426 fuerit,
826 1370 985 1416 etiam
1021 1366 1234 1417 brachio
1273 1384 1456 1416 saecu·

68 1446 184 1495 lari.
223 1447 278 1511 l)
361 1460 444 1507 55.
492 1446 636 1495 Loca
687 1463 829 1495 sacra
862 1485 877 1507 ,
930 1447 1182 1514 profanos
1230 1450 1281 1496 in
1334 1465 1456 1497 usus

68 1543 360 1586 conversa,
415 1529 530 1575 usui
567 1529 786 1593 pristino
823 1530 1180 1576 restituantur.
1251 1543 1333 1587 54,
1373 1528 1458 1576 Iu-

71 1608 210 1655 stitia
247 1623 342 1673 per
377 1605 797 1656 Ecclesiasticum
834 1608 1061 1657 iudicem
1109 1624 1204 1673 pro
1241 1609 1453 1667 merito,

68 1702 239 1750 neqve
273 1703 366 1752 pro
401 1685 578 1745 lucro,
616 1685 1019 1737 administretur.
1057 1687 1139 1751 m)
1209 1701 1292 1746 55.
1330 1687 1456 1734 Lai·

70 1767 116 1812 ci
164 1764 361 1813 iudices
416 1767 736 1833 compellant
791 1766 859 1816 ad
919 1768 1154 1816 officium
1217 1766 1455 1815 nolentes

71 1844 294 1908 obseqvi
344 1844 603 1894 iudicibus
652 1846 1058 1905 Ecclesiasticis,
1111 1844 1360 1911 idemqve
1399 1844 1456 1894 hi

65 1922 260 1972 faciant
296 1926 544 1973 vicissim.
625 1927 708 1985 56.
756 1927 1239 1985 Excommunicati,
1295 1926 1358 1974 ab
1396 1941 1449 1973 a·

68 2002 271 2068 gendo',
322 2004 734 2070 patrocinando,
785 2023 843 2055 ac
890 2007 1218 2055 testificando
1276 2005 1450 2072 repel-

67 2081 257 2132 luntor.
327 2096 409 2144 57.
448 2084 699 2151 Exceptio
730 2089 805 2134 rei
843 2086 1098 2136 iudicatae
1135 2103 1231 2153 per
1267 2084 1452 2134 Eccle-

65 2163 328 2210 siasticnm
380 2165 640 2223 iudicem,
690 2168 729 2213 si
778 2164 845 2213 ad
893 2165 1027 2214 hunc
1075 2164 1166 2213 illa
1201 2167 1452 2231 pertinet,

69 2256 98 2288 a
136 2241 385 2291 saeculari
424 2242 596 2292 iudice
621 2245 953 2294 admittatur:
991 2256 1042 2294 et
1080 2247 1328 2294 vicissim.
1367 2252 1452 2304 58.

1297 2324 1382 2372 Iu-

122 2464 175 2520 l)
198 2462 302 2510 ‘Hoc
333 2469 398 2513 ita
427 2478 539 2511 tunc
570 2470 719 2512 libere
750 2470 918 2525 potuit.
975 2471 1127 2513 Hodie
1156 2483 1268 2513 vero
1302 2469 1447 2514 aliam

179 2548 275 2578 esse
307 2537 598 2591 disciplinam
618 2568 631 2588 ,
661 2538 768 2596 lege
800 2540 846 2581 in
877 2554 979 2582 meo
1012 2541 1118 2583 Iure
1150 2538 1280 2594 publ.
1312 2537 1442 2580 Eccl.

175 2602 324 2660 Hung.
372 2603 412 2663 ᾗ.
452 2600 579 2661 313.’
619 2607 687 2663 m)
718 2607 964 2665 Allegatur
997 2623 1050 2650 eo
1084 2622 1182 2662 cap.
1213 2608 1291 2658 id,
1323 2607 1448 2661 qvod
1507 2652 1512 2659 .

176 2669 372 2714 habetur
412 2687 513 2731 cap.
558 2689 595 2722 1.
623 2676 672 2720 in
721 2686 850 2720 sexto
870 2706 886 2729 ‚
917 2677 973 2721 de
1005 2677 1133 2728 Sent,
1163 2685 1211 2720 et
1246 2690 1296 2719 re
1328 2675 1447 2717 iudi-

180 2748 299 2784 eata.
