1779 3128
1762 0 1779 32 Η

239 241 330 281 ‘102
825 237 1012 267 m

232 359 413 404 iterum
440 372 462 402 .·
508 349 735 400 Reddite
781 369 942 419 ergo,
992 369 1125 417 qvae
1175 363 1289 402 sunt
1350 349 1606 413 Caesaris,

235 433 478 490 Caesari,
517 442 599 490 et,
652 447 784 495 qvae
822 443 935 480 sunt
974 431 1104 492 Dei,
1154 431 1285 482 Deo.
1377 440 1454 483 Ac
1483 453 1602 496 pro·

233 516 345 559 inde
391 523 530 568 stare
574 514 918 573 Apostolicum
970 514 1140 560 illud:
1205 511 1381 560 Omnis
1431 515 1605 560 anima

230 589 574 656 potestatibus
613 589 996 637 sublimioribus
1029 589 1230 638 subdita
1258 594 1346 639 sit:
1386 591 1501 639 Non
1534 601 1629 639 est'

231 672 370 715 enim
405 680 662 734 potestas,
699 670 796 716 nisi
836 684 863 715 a
901 667 1047 726 Deo,
1087 685 1219 732 qvae
1253 680 1425 718 autem
1463 681 1602 729 sunt,

229 763 258 795 a
294 747 409 794 Deo
448 746 714 795 ordinatae
743 759 884 795 sunt:
922 750 1100 811 itaqve
1126 750 1213 812 qvi
1250 753 1492 813 potestati
1521 767 1604 797 req

228 829 391 885 sistit,
445 827 545 873 Dei
595 827 906 876 ordinationi
953 829 1162 880 resistit.
1244 825 1599 893 Reges'ergm

229 919 278 954 et
312 910 571 969 Principes
606 910 656 954 in
690 909 1081 968 temporalibus,
1119 909 1247 953 nulli
1278 909 1604 954 Ecclesiasti-

228 1004 314 1033 cae
349 989 625 1046 potestati,
665 987 772 1033 Dee·
802 988 1150 1043 ordinatione,
1184 987 1399 1045 subiici,
1451 1003 1597 1047 neqve

224 1068 537 1112 authoritate
572 1066 781 1111 claviam
830 1065 1089 1111 Ecclesiae
1134 1066 1357 1125 dire-cte,
1406 1066 1484 1110 vel
1524 1067 1602 1110 in·

225 1148 413 1190 directe
448 1146 658 1204 deponi,
709 1153 801 1190 aut
846 1145 1044 1190 illorum
1090 1144 1318 1191 subditos
1368 1146 1523 1190 eximi
1564 1161 1597 1190 a

208 1223 351 1284 fi'de,
389 1232 533 1284 atqve
568 1223 877 1280 obedientia,
931 1238 992 1267 ac
1035 1219 1287 1282 praestito=
1318 1223 1597 1282 fidelitatis

226 1301 551 1348 »Sacramenta
583 1335 599 1358 ,
648 1303 778 1347 solvi
815 1317 1000 1362 posse3
1049 1318 1247 1362 eamque
1295 1305 1593 1348 sententiam

217 1368 451 1444 publicae
504 1382 864 1442 tranquillitati
904 1385 1233 1426 necessariam
1252 1414 1267 1437 ,
1317 1397 1403 1426 nec
1437 1385 1600 1427 minus

221 1462 512 1518 Ecclesiae,
549 1476 689 1521 qvam
712 1459 927 1519 Imperio
964 1457 1163 1515 utilem,
1206 1468 1262 1504 ut
1298 1460 1445 1505 verbo
1470 1460 1592 1516 Det,

219 1541 437 1587 Patrum
472 1541 771 1593 traditioni,
810 1547 859 1582 et
884 1536 1187 1583 Sanctorum*
1220 1541 1456 1598 exemplis
1480 1555 1592 1585 con·

221 1635 423 1678 sonam,
462 1620 657 1664 omnino
693 1617 1015 1664 retinendam.

354 1776 615 1825 Secundo:
655 1778 736 1825 Sic
773 1787 939 1824 autem
975 1781 1134 1825 inesse
1159 1778 1478 1839 Apostolicae
1509 1774 1594 1822 Se-

218 1860 300 1917 di,
336 1875 396 1905 ac
428 1860 577 1904 Petri
605 1857 982 1904 Successoribus
1015 1860 1207 1905 Christi
1243 1857 1484 1911 Vicat-iis,
1520 1872 1594 1900 re·

215 1955 326 1984 rum
359 1939 695 1998 spiritualium
732 1938 927 1998 plenam
959 1945 1299 1998 potestatem,
1351 1944 1408 1978 ut
1442 1934 1599 1980 simul

216 2019 450 2075 valeant,
491 2026 634 2078 atqve
669 2019 879 2062 inimota
916 2008 1193 2062 consistant
1231 2013 1595 2059 Oecumenicao

217 2097 415 2160 synodi
447 2097 877 2154 Constantiensis,
915 2114 946 2141 a
977 2095 1101 2142 Sede
1127 2095 1422 2154 Apostolica
1459 2109 1592 2138 com·

208 2177 461 2237 probata,
513 2179 708 2238 ipsoque
752 2177 1096 2223 Romanorum
1147 2171 1488 2232 Pontificum,
1527 2187 1589 2217 ac

216 2259 378 2301 totius
412 2253 672 2303 Ecclesiae
706 2271 798 2301 usu
833 2253 1159 2315 confirmata,
1213 2260 1359 2313 atqve
1391 2251 1454 2295 ab
1492 2253 1589 2296 Ec-

211 2335 366 2381 clesia
407 2334 678 2380 Gallicana
698 2369 713 2392 ,
759 2342 1000 2395 perpetua
1044 2332 1281 2393 religione
1331 2331 1589 2375 custodita

210 2415 411 2459 decreta
442 2444 459 2469 ‚
511 2415 570 2458 de
620 2415 934 2459 authoritate
985 2410 1314 2457 Conciliorum
1367 2410 1594 2455 Genera·

212 2495 360 2548 lium,
398 2508 518 2553 qvae
552 2490 778 2537 Sessione
814 2491 918 2536 IV.
953 2497 1002 2535 et
1043 2489 1103 2535 V.
1142 2489 1478 2545 continentur,
1500 2504 1589 2536 nec

205 2572 419 2634 probari
463 2590 493 2617 a
548 2571 818 2618 Gallicana
852 2569 1116 2625 Ecclesia,
1172 2570 1255 2629 qvi
1300 2584 1467 2613 eorum
1504 2569 1587 2612 de-

212 2661 458 2699 cretorum
477 2686 492 2711 ,
546 2653 689 2713 quasi
729 2650 909 2695 dubiae
958 2649 1061 2694 sint
1109 2645 1440 2695 authoritatis
1459 2682 1475 2705 ,
1528 2662 1589 2696 ao

1427 2746 1522 2774 mc-
