1779 3128
266 185 375 233 60(

259 311 488 371 positos,
528 305 873 354 Ecclesiarum
929 288 1302 364 Catnedralc'um
1322 346 1337 368 ,
1388 321 1436 357 et
1481 312 1639 360 Colle-

262 391 523 452 giatarum
565 389 874 446 Canonicos,
928 393 1196 453 quicunque
1238 393 1343 438 iure
1378 393 1643 455 Metropo-

265 470 457 524 lz‘tano,
493 468 805 527 Primatiae,
844 487 905 516 ac
929 470 1254 533 Legationis,
1291 475 1362 518 ad
1381 475 1636 536 ⁴{jamdum

262 548 631 594 Provincialem
667 561 762 612 per
811 539 931 601 eum,
974 552 1251 597 convocari
1300 563 1544 616 possent,
1583 569 1642 601 ac

263 624 531 674 deberent.
578 627 669 692 11)-
729 625 808 675 Ob
860 644 1016 691 qv-ain
1064 617 1446 695 expressionem
1497 630 1637 678 diffi-

261 703 423 752 cultas
459 704 730 754 obmoveri
763 717 962 773 potest:
1018 707 1183 755 Eccur
1219 708 1452 773 Synodus
1490 710 1636 770 haec,

259 788 533 833 nationali&
567 801 596 833 a
632 803 746 845 me,
786 803 887 834 non
926 798 1099 834 autem
1127 793 1451 850 provincialis
1480 789 1638 838 fuerit

257 861 549 930 inscripta?
600 863 700 912 Sed
748 865 881 915 hanc
930 864 1294 914 difficultatem
1350 866 1506 915 solvit
1529 868 1639 932 ‘Pe'-

259 942 494 1002 terffius,
546 961 662 992 cum
699 947 918 1003 asserit,
970 947 1024 991 in
1075 945 1396 1012 autographo
1437 949 1649 1010 codice,

258 1038 362 1085 qvo
399 1025 510 1088 ipse
552 1039 670 1070 usus
709 1034 819 1083 est,
870 1027 924 1071 in
960 1022 1057 1073 hac
1094 1026 1458 1092 inscriptione:
1500 1029 1637 1076 Indi-

257 1107 360 1148 ctio
390 1102 588 1166 Synodi
612 1107 958 1165 provincialis,
997 1121 1184 1153 vocem
1213 1116 1535 1172 postremam
1573 1106 1637 1156 ab

255 1181 372 1244 ipso
402 1180 659 1229 Pazmano
687 1181 843 1230 litura
870 1182 1153 1233 obductam
1179 1184 1336 1232 fuisse
1356 1222 1371 1243 ,
1401 1202 1459 1233 ac
1490 1188 1640 1234 istam

257 1261 307 1306 ei
341 1276 554 1309 vocem:
584 1264 906 1322 Nationalis,
935 1262 1288 1329 subrogatam.
1329 1264 1386 1326 o)
1466 1265 1639 1330 Qvum

254 1349 560 1406 praeterea,
605 1341 824 1389 Ioannes
875 1339 1156 1408 Telegdy,
1194 1341 1633 1408 Archiepiscop'us

257 1417 586 1479 Colocensis,
620 1436 679 1470 ac
716 1421 870 1470 simul
905 1421 1177 1469 Nitriensis
1213 1422 1522 1488 Episcopus,
1563 1422 1639 1470 al-

256 1508 369 1548 tera
405 1497 602 1564 Synodi
648 1500 733 1548 die
781 1500 954 1566 palam
1002 1499 1411 1558 declaravisset,
1462 1503 1531 1548 ita
1611 1518 1637 1549 e

256 1576 322 1625 ad
359 1578 492 1626 hanc
540 1580 805 1645 Synodum
851 1583 1232 1645 comparuisse,
1287 1591 1341 1628 ut
1377 1515 1637 1628 1111111011Ῐὲ

255 1673 350 1705 nus
384 1661 801 1724 praerogativam
832 1658 1349 1725 Archiepiscopalem
1387 1670 1493 1707 tam
1520 1659 1636 1719 sibi,

257 1753 418 1801 qvam
453 1738 827 1786 successoribus
867 1750 1227 1787 conservatam
1261 1739 1452 1787 vellet:
1508 1739 1634 1786 Paz-

256 1818 438 1865 manus
489 1819 541 1865 in
589 1833 650 1865 eo
687 1819 920 1883 scripto,
969 1816 1111 1882 qvod
1159 1830 1276 1868 octo
1330 1829 1635 1884 argumenta

257 1896 556 1945 continebat
602 1895 873 1956 docentia,
922 1900 993 1946 ita
1044 1898 1325 1946 Prii-uatem
1361 1896 1635 1964 Archiepi-

257 1978 428 2042 scopis
465 1991 740 2041 praeesse,
776 1976 940 2025 veluti
977 1988 1222 2044 praesunt
1265 1975 1631 2044 Archiepisco-

256 2059 314 2123 pi
350 2054 734 2121 Suffraganeis,
770 2053 896 2105 haec
938 2055 1267 2123 proferebat:
1310 2060 1429 2104 Cum
1472 2061 1636 2121 itaque

257 2154 323 2184 ex
354 2139 464 2197 ipsa
509 2139 656 2184 lucius
704 2139 916 2184 Concilii
962 2139 1232 2184 indictione
1269 2147 1494 2195 constet,
1535 2137 1632 2200 Sy-

257 2218 439 2265 nodum
469 2218 627 2272 lianc,
677 2234 771 2263 non
801 2235 895 2278 pro
933 2219 996 2263 iis
1024 2225 1236 2263 'tantum
1273 2224 1629 2279 congregatam

259 2311 366 2342 esse
387 2330 402 2353 ,
448 2299 532 2357 qvi
571 2298 1049 2358 Archi-Episcopali
1092 2299 1201 2342 iure
1232 2330 1249 2353 ,
1302 2289 1640 2357 Stqffraganei

256 2385 407 2430 sunt,
443 2378 536 2421 sed
559 2393 651 2436 pro
689 2377 944 2429 omnibus,
981 2368 1462 2437 qvi‘commorantur
1494 2375 1634 2420 intra

257 2456 442 2502 limites
477 2457 805 2512 Provinciae,
845 2457 928 2500 cui
961 2455 1065 2500 iure
1103 2454 1416 2510 Primatiae,
1457 2462 1506 2498 et
1536 2453 1632 2500 Le-

1452 2536 1573 2597 gati
1646 2538 1649 2542 ’

318 2705 372 2762 n)
402 2705 480 2761 Ap.
511 2700 612 2750 Pe‘t.
645 2703 722 2747 cit.
753 2712 914 2760 parte,
945 2715 1052 2760 pag.
1085 2711 1181 2756 298.
1240 2698 1287 2760 ο)
1320 2701 1514 2747 Ibidem.

1732 688 1748 732 'a‘

1736 587 1746 651 ἐ

1743 661 1747 676 .

1766 2159 1770 2207 1

1766 2224 1769 2275 1

1767 2284 1770 2320 ι

1767 2323 1779 2356 3

1768 2390 1779 2678 -v-zr—W„
