1779 3128
681 223 864 242 ····-··
1014 214 1017 217 ’
1069 215 1077 220 ”
1364 229 1450 273 23¹

682 245 863 258 Ὰ--ᾱ

62 351 247 401 ,υςᾳνε
285 331 414 382 adeo
453 332 765 393 efficaciter,
805 334 1043 398 loqvutus
1082 333 1267 391 faex-at,
1305 333 1364 396 n)
1406 345 1460 383 ut

91 415 298 480 qvidam
324 411 500 461 audita
536 413 669 461 illius
697 416 958 471 oratione,
998 415 1327 481 Religionem
1358 414 1461 462 Ro-

87 511 242 544 mano
281 492 599 542 Catholicam
636 493 825 542 fuerint
865 494 1110 561 amplexi.
1149 494 1207 557 o)

622 649 670 720 §.
740 652 922 702 XCVI.

334 789 480 865 Syn.
531 790 578 846 Z
583 807 718 862 agr.
765 787 996 845 incerti
1033 787 1203 843 anni.

221 949 263 998 E
310 948 520 1014 Synodo
567 948 899 1015 Zagrabiensi
951 947 1017 996 ad
1070 964 1264 996 annum
1324 948 1464 1006 1687.

87 1028 400 1087 referenda,
437 1032 657 1087 scimus,
697 1028 1007 1076 celebratam
1045 1044 1153 1075 esse
1186 1027 1467 1076 Dioecesa-

89 1125 210 1156 nam
262 1107 527 1174 Synodum
580 1125 609 1156 a
645 1107 860 1156 Nicolao
899 1107 1181 1172 Zelniczey
1235 1106 1466 1155 eiusdem

87 1187 351 1237 Ecclesiae
379 1189 658 1254 Episcopo,
721 1187 820 1252 Qvi
846 1190 1138 1234 nominatus
1162 1203 1297 1234 anno
1324 1194 1465 1248 1598.

91 1267 176 1317 die
222 1267 297 1315 16.
337 1266 565 1334 Aprilis,
616 1270 716 1314 iam
756 1282 891 1313 anno
937 1267 1074 1314 1602.
1121 1266 1206 1313 die
1247 1282 1323 1321 24.
1358 1266 1466 1314 De-

90 1345 350 1402 cembris,
400 1349 561 1396 vitam
617 1363 734 1394 cum
778 1356 944 1392 morte
993 1345 1359 1394 commutabat.
1397 1345 1462 1411 p)

91 1425 401 1473 Diuturnior
481 1424 602 1474 huic
682 1425 744 1473 lis
826 1436 937 1473 erat
1029 1442 1144 1473 oum
1227 1424 1467 1493 Philippo

1286 1503 1398 1571 Spi-

147 1635 199 1690 n)
230 1639 341 1678 Acta
371 1635 544 1692 Synodi
586 1637 682 1679 eius
722 1645 953 1681 testantur
976 1665 991 1686 ,
1031 1636 1106 1678 die
1137 1638 1315 1691 prima,
1348 1649 1463 1692 qvae

203 1703 290 1745 fuit
319 1705 592 1754 Dominica,
625 1714 671 1746 et
701 1707 899 1759 septima·
927 1715 1030 1758 post
1059 1705 1328 1750 festumSS.
1360 1706 1469 1749 Tri-

200 1774 282 1813 nit.
317 1783 450 1826 atqve
483 1774 683 1814 secunda
713 1774 878 1815 mensis
900 1775 1121 1830 Augusti,
1152 1763 1257 1828 post
1279 1774 1465 1815 Missam

202 1843 259 1882 de
300 1841 374 1894 Sp.
415 1841 454 1884 S.
500 1855 525 1882 a
566 1841 790 1885 Praesule
839 1851 1068 1883 cantatam
1098 1871 1112 1891 ‚
1155 1852 1468 1886 memoratum

200 1910 420 1959 Patrem,
451 1910 620 1951 Sisciae
654 1919 842 1958 natum,
872 1911 1030 1963 priore
1062 1911 1279 1954 dictionis
1312 1920 1463 1965 parte,

201 1978 249 2018 id
280 1979 594 2027 enarravisse,
626 1979 833 2031 qvisnam
863 1992 994 2020 verus
1019 1978 1271 2028 Sacerdos,
1303 1989 1350 2020 et
1378 1980 1467 2021 Eu-

202 2046 447 2089 charistiae
478 2047 688 2088 minister
729 2047 788 2088 sit
817 2047 1096 2098 censendus3
1144 2047 1297 2088 aitera
1328 2060 1466 2090 vero:

201 2116 300 2171 Qva
330 2128 509 2156 morum
538 2115 842 2171 integritate,
873 2115 1175 2158 Sacerdotem
1200 2129 1295 2156 esse
1328 2129 1467 2168 opor-

201 2192 314 2227 teat.
391 2186 488 2239 Qva
529 2184 770 2226 occasione
803 2184 859 2224 de
891 2183 1195 2224 sacerdotum
1229 2183 1467 2225 coelibatu

202 2251 263 2293 est
292 2252 528 2306 loqvutus.
588 2252 705 2307 Qvia
733 2265 844 2293 vero
879 2252 1001 2293 inter
1033 2252 1268 2295 auditores
1291 2282 1304 2301 ,
1352 2266 1469 2293 non-

203 2320 322 2361 nulli
354 2320 549 2362 latinum
596 2321 771 2361 idioma
810 2334 999 2373 prorsus
1030 2320 1344 2377 ignorabant:
1388 2321 1470 2362 ho-

204 2400 305 2429 rum
338 2390 490 2445 gratia
520 2398 624 2443 post
654 2389 896 2430 meridiem
928 2389 1090 2447 lingva
1118 2390 1270 2443 patria
1294 2419 1307 2439 ,
1337 2390 1465 2431 idem

204 2467 527 2512 argumentum
561 2467 628 2498 est
657 2466 1011 2510 pertractatum.
1082 2457 1132 2511 o)
1174 2459 1296 2515 Lege
1322 2459 1467 2514 Prayi

205 2524 404 2565 indicem
434 2527 600 2570 rarior.
632 2526 798 2568 libror.
832 2526 1155 2568 Bibliothecae
1186 2527 1316 2568 Univ.
1349 2527 1466 2585 Reg.

200 2593 420 2634 Budensis
440 2623 454 2643 ,
484 2605 620 2648 parte
650 2596 686 2639 I.
718 2610 823 2653 pag.
862 2608 955 2648 124.
987 2610 1080 2651 seq.
1110 2606 1156 2639 et
1185 2597 1277 2640 RR.
1301 2596 1469 2640 schon-

205 2661 356 2703 visner
385 2663 539 2717 Antiq.
578 2673 623 2705 et
651 2666 767 2708 Hist.
800 2665 956 2710 Sabar.
981 2679 1083 2723 pag.
1111 2679 1206 2720 305.
1263 2669 1314 2721 p)
1344 2666 1472 2721 Pray

204 2730 253 2771 in
285 2731 472 2784 specim.
503 2732 626 2775 Hier.
656 2734 808 2792 Hung.
842 2744 975 2790 parte
1004 2736 1060 2780 ΙΙ.
1091 2749 1198 2794 pag.
1230 2748 1326 2791 359.
