1779 3128
310 202 407 260 264
900 203 1083 230 ⁸⁶—-

311 326 373 391 Ω.
420 320 789 383 Ecclesiarum‚
842 322 983 373 iuxta
1028 324 1181 372 libros
1233 325 1422 392 Regios
1471 323 1554 373 die
1593 340 1674 386 25.

311 404 577 462 Octobris,
614 418 750 449 anno
795 402 934 460 1630.
972 407 1292 463 nominatus,
1328 406 1386 468 r)
1432 423 1547 453 cum
1584 422 1673 453 an-

308 494 392 530 tea
428 484 561 540 iam,
599 478 664 529 ad
709 483 1011 546 petitionem
1046 482 1357 531 Ferdinandi
1393 485 1455 534 II.
1498 485 1676 550 Regis,

307 577 404 628 per
440 561 623 608 Sedem
651 560 940 608 Romanam
971 561 1142 609 Infula
1170 561 1437 610 decoratus
1474 563 1673 622 fuisset,

309 640 370 703 s)
425 656 558 687 anno
617 639 757 698 1632.
815 655 918 703 qva
983 643 1265 688 etiamnum
1317 639 1676 708 Zagrabiensis

307 718 659 784 Praepositus‚
696 734 791 784 pro
828 735 912 780 se,
951 723 1246 783 cunctisqve
1282 718 1521 787 deinceps
1549 725 1676 770 eius-

308 795 429 845 dem
461 797 720 845 Ecclesiae
755 796 1099 864 Praepositis‚
1137 797 1371 847 Castrum
1404 803 1558 859 Βεία,
1596 817 1677 847 or·

309 875 443 924 dinis
481 874 743 941 qvondam
781 875 1155 934 ¹Cruciferorum
1190 878 1376 924 Prioris
1414 878 1673 938 Auranae,

306 959 367 1020 t)
412 959 464 1004 in
515 955 694 1021 Regno
741 954 1040 1005 Sclavoniae
1079 957 1331 1015 existens,
1372 972 1430 1004 ac
1470 959 1677 1005 univer-

307 1054 386 1085 sas
423 1036 774 1084 possessiones
822 1033 888 1082 ad
928 1033 1059 1082 illud
1098 1046 1422 1101 spectantes,
1474 1035 1674 1084 obtine-

305 1118 411 1167 bat.
450 1116 510 1179 u)
547 1115 700 1163 Anno
744 1115 884 1174 1637.
937 1116 1038 1161 iam
1075 1113 1429 1180 Zagrabiensis
1467 1115 1675 1181 Episco-

304 1213 433 1263 pus,
469 1195 531 1257 v)
573 1194 948 1244 Dioecesanam
981 1193 1277 1259 Synodmn,
1325 1195 1544 1242 subinde
1580 1194 1676 1257 (ut

306 1275 439 1336 dixi)
469 1276 792 1323 convocavit.
866 1271 1021 1320 Cuius
1048 1283 1272 1320 attamen
1307 1284 1538 1338 superest
1561 1289 1676 1340 par-

303 1355 485 1404 ticula:
521 1353 715 1402 scilzcet
740 1353 903 1400 oratio
932 1350 1143 1417 Georgii
1166 1352 1392 1418 Rattkay
1415 1351 1477 1399 de
1501 1351 1676 1417 Nagy-
1715 1375 1717 1377 ·

303 1433 551 1491 Thabor,
601 1432 846 1479 Canonici
895 1430 1283 1497 Zagrabiensis,
1336 1433 1404 1479 ibi
1442 1434 1674 1479 recitata.

309 1516 456 1581 Qvae
507 1515 731 1579 graviter
772 1511 1047 1581 exprobat,
1099 1511 1284 1559 multos
1323 1528 1349 1558 e
1388 1510 1674 1557 Sacerdoti-

304 1595 433 1649 bus,
476 1610 584 1640 esse
612 1592 984 1647 mercenarios,
1025 1607 1127 1637 non
1154 1601 1410 1656 pastores;
1446 1592 1533 1654 qvi
1561 1604 1675 1652 gre-

306 1692 426 1743 gem
462 1689 610 1722 suum
649 1673 872 1737 pessimo
906 1669 1138 1717 inficiunt
1177 1669 1447 1735 exemp103
1501 1684 1674 1715 neces-

1475 1761 1607 1794 saria

360 1898 406 1955 r)
437 1899 528 1939 Hos
571 1896 743 1938 dudum
785 1893 1025 1936 consulens
1064 1894 1158 1936 RR.
1200 1891 1336 1933 Mich.
1378 1893 1479 1931 Ant.
1511 1890 1668 1931 Paint-

416 1981 531 2015 ner,
564 1966 700 2006 hodie
734 1965 898 2016 Praep.
932 1966 980 2007 Β.
1010 1963 1069 2005 M.
1100 1963 1148 2002 V.
1182 1962 1237 2001 de
1260 1957 1431 1999 Ra‘toth
1452 1987 1464 2006 ‚
1497 1964 1667 2001 Canon.

414 2033 894 2078 laurin.c0nsiliarius
907 2031 1078 2086 Regiae
1091 2029 1267 2069 Maiest.
1294 2037 1380 2068 etc.
1407 2040 1495 2069 ram
1523 2026 1668 2074 istud,

417 2117 550 2159 qvam
596 2102 796 2157 plurima
838 2113 920 2153 per
961 2112 1006 2141 se
1052 2105 1303 2138 connotata
1347 2095 1668 2143 solertissime,

415 2185 596 2213 mecum
628 2183 707 2210 suo
740 2178 951 2221 tempore
973 2163 1342 2207 communicavit.
1401 2164 1497 2204 Hoc
1531 2171 1664 2214 pacto

414 2253 505 2282 non
538 2247 630 2282 stat
653 2237 830 2279 notatio
859 2236 997 2289 Prayi
1039 2236 1084 2274 in
1125 2233 1310 2285 specim.
1355 2231 1480 2272 Hier.
1510 2231 1663 2285 Hung.

412 2316 544 2362 parte
576 2308 610 2347 Ι.
642 2319 745 2361 pag.
779 2318 870 2360 257.
930 2307 981 2354 s)
1012 2303 1044 2343 E
1077 2301 1267 2353 diplom.
1292 2300 1422 2360 Ferd.
1456 2299 1511 2340 ΙΙ.
1546 2298 1668 2351 qvod

412 2375 524 2417 mihi
565 2374 830 2416 describere
870 2373 916 2413 in
962 2385 1057 2412 rem
1091 2382 1231 2411 meam
1256 2397 1269 2417 ,
1316 2368 1667 2407 concedebatur

414 2457 534 2486 anno
570 2453 673 2497 1785
717 2451 826 2483 tunc
856 2442 899 2481 in
924 2439 1060 2483 Acad.
1083 2437 1227 2493 Regia
1251 2436 1357 2476 ibid.
1385 2437 1530 2491 Regio
1556 2435 1669 2475 Pro-

410 2511 587 2553 fessori,
673 2509 720 2563 t)
770 2510 880 2550 Vide
921 2508 977 2549 de
1021 2505 1107 2546 hoc
1154 2503 1412 2545 Werboczii
1457 2504 1664 2554 Tripart.

366 2589 543 2634 ..parte
569 2579 622 2620 ΙΙ.
648 2579 717 2620 tit.
749 2589 816 2632 54.
875 2578 924 2628 u)
956 2576 1077 2631 Lege
1107 2587 1257 2614 meum
1286 2578 1353 2615 {us
1379 2572 1514 2615 Publ.
1540 2570 1663 2618 Eccl,

411 2649 561 2705 Hung.
603 2646 641 2704 §.
685 2660 778 2700 232.
849 2645 898 2700 v)
940 2645 1063 2697 Pray
1105 2644 1181 2684 cit.
1216 2656 1289 2697 op.
1322 2651 1455 2696 parte
1485 2643 1518 2685 1.
1552 2655 1657 2698 pag.

410 2726 508 2772 258.
541 2724 588 2756 et
616 2724 746 2769 parte
776 2717 832 2758 11.
864 2727 968 2770 pag.
998 2715 1095 2766 360.
