1779 3128
292 200 381 248 180
880 198 1064 230 Ξ

290 317 522 377 temporis
560 315 731 376 copia,
779 316 857 360 vel
901 332 989 361 vas
1035 324 1205 377 aptum
1253 316 1325 361 ad
1352 316 1446 360 hoc
1479 313 1656 360 haberi

292 414 385 441 non
420 403 590 454 potest
610 428 624 451 ,
681 402 738 438 ut
773 395 1002 439 totaliter
1036 397 1086 441 in
1120 411 1247 457 aqva
1278 396 1439 457 mergi
1466 395 1649 454 possit,

285 491 393 520 cum
429 474 671 527 scutella,
709 473 786 517 vel
815 474 915 518 alio
942 489 1084 531 vase,
1125 476 1288 536 aliqva
1318 489 1469 535 aquae
1501 488 1667 533 quan*

285 555 411 597 titas
445 567 591 611 super
627 560 805 611 caput,
845 553 924 597 vel
956 568 1132 613 corpus
1168 552 1408 613 insontis,
1445 551 1652 595 dicendo

279 633 561 691 praemissa
596 631 776 686 verba,
804 631 1082 692 fiendatur.
1116 627 1175 689 l)
1263 643 1307 676 2.
1348 627 1653 675 Doctrinam

285 708 494 772 exponit
533 705 953 756 de.Sacramento
983 705 1422 766 Coniirmationis3
1461 705 1524 754 de
1559 708 1653 752 im·

284 783 586 850 pedimento
617 787 958 844 matrimonii,
996 783 1116 831 hine
1142 794 1392 847 seqvuto3
1426 782 1488 831 de
1527 800 1655 848 qva-

283 862 430 911 litate
467 864 703 922 illorum,
743 867 829 927 qvi
865 863 1215 911 confirmando
1251 861 1394 909 velut
1443 864 1666 927 sponso-¹

285 958 365 990 res
399 944 652 991 assistunt.
724 956 771 1000 3.
810 942 1030 1007 Exponit
1065 940 1349 989 doctrinam
1380 939 1443 989 de
1480 941 1654 988 Sacra-

285 1032 472 1070 mento.
505 1023 872 1086 poenitentiae.
945 1021 1019 1068 Ea
1055 1021 1243 1079 refert,
1279 1037 1409 1084 qvae
1440 1014 1654 1068 Confes-

284 1102 446 1147 sarius
485 1100 842 1158 observanda,
892 1100 1231 1164 cavendaqve
1270 1098 1443 1148 habet.
1529 1099 1655 1147 For-

284 1194 422 1225 mam
459 1190 693 1226 recenset
731 1178 1060 1227 absolutionis
1109 1178 1488 1227 sacramentalis
1538 1177 1654 1226 tali-

284 1268 365 1305 ter
392 1256 815 1323 exprimendam,
856 1274 913 1306 ae
937 1256 1333 1324 perficiendam:
1362 1261 1529 1306 Ponat
1554 1276 1656 1305 ma-

290 1356 381 1385 nus
415 1355 563 1400 super
595 1348 744 1399 caput
779 1342 916 1398 eius,
967 1348 1015 1384 et
1051 1341 1227 1386 dicat:
1262 1339 1652 1402 Indulgentiam,

288 1428 338 1465 et
388 1409 748 1464 absolutionem
775 1453 790 1477 ,
848 1427 898 1463 et
948 1420 1281 1463 remissionem
1334 1426 1655 1478 peccatorum

291 1500 506 1543 omnium
543 1506 742 1542 tuorum
779 1497 973 1542 tribuat
1002 1497 1098 1542 tibi
1123 1499 1457 1556 omnipotens,
1495 1505 1544 1541 et
1568 1498 1656 1541 mi·

282 1578 500 1622 sericors
538 1568 797 1633 dominus,
847 1584 896 1620 et
945 1592 1034 1639 ego
1084 1578 1362 1620 autoritate
1396 1574 1468 1622 D.
1506 1573 1571 1621 .N.
1606 1574 1654 1620 I.

290 1657 343 1719 C.
381 1664 430 1700 et
466 1656 723 1700 Ecclesiae
759 1671 880 1700 suae
917 1664 1124 1700 sanctae
1146 1689 1161 1713 ,
1201 1663 1250 1699 et
1284 1656 1398 1700 BB.
1435 1656 1654 1716 Aposto-

285 1735 474 1790 lorum,
515 1735 687 1787 Petri,
737 1742 787 1778 et
820 1734 1008 1792 Pauli,
1058 1749 1118 1780 ac
1152 1733 1312 1779 'etiam
1359 1732 1556 1794 officio,
1605 1741 1656 1777 et

288 1814 601 1857 authoritate
635 1815 760 1858 mihi
790 1817 1084 1871 commissa,
1131 1813 1333 1859 absoluo
1382 1821 1431 1856 te
1477 1811 1539 1856 ab
1576 1813 1656 1856 llis

282 1894 538 1951 peccatis,
577 1908 697 1954 qvae
731 1894 990 1954 consessus
1026 1908 1077 1937 es
1098 1926 1113 1948 ,
1150 1901 1199 1937 et
1233 1894 1340 1947 his,
1380 1906 1499 1952 qvae
1535 1889 1656 1934 obli·

289 1979 374 2014 tus
412 1987 497 2028 es,
534 1980 584 2016 et
618 1973 832 2016 restituo
868 1980 917 2015 te
951 1972 1281 2016 communioni
1294 1968 1556 2030 fidelium,
1595 1984 1656 2014 ac

287 2051 673 2109 participationi
698 2048 1132 2095 sacramentorum
1159 2050 1207 2095 E
1211 2048 1652 2105 cclesiastc'corum,

291 2137 340 2172 et
387 2130 462 2172 ita
509 2131 581 2174 sis
630 2129 890 2174 absolutus
934 2144 1101 2173 coram
1146 2126 1293 2183 Deo,
1344 2135 1392 2171 et
1444 2128 1656 2188 Angelis

287 2209 392 2252 eius
409 2243 424 2264 ,
460 2210 509 2254 in
546 2210 737 2253 nomine
772 2209 947 2253 Patris
963 2239 978 2263 ‚
1016 2216 1065 2252 et
1095 2207 1236 2258 Filii,
1275 2215 1323 2250 et
1355 2204 1570 2266 Spiritus
1602 2204 1655 2266 S·

286 2302 446 2333 amen.
534 2283 725 2331 Verum
780 2283 965 2332 Paulus
1014 2281 1370 2341 Bornemisza,
1424 2285 1474 2328 in
1511 2279 1656 2328 addi-

287 2364 429 2410 tione
469 2362 534 2410 ad
567 2365 703 2410 istun¹
742 2374 892 2429 caput
926 2363 1078 2422 facta,
1117 2364 1339 2408 monuit:
1376 2364 1522 2409 Hanc
1541 2364 1660 2424 for-

1434 2460 1588 2498 mam,

348 2554 399 2610 1)
431 2556 565 2597 Vides
599 2559 963 2611 antiqvissimum
984 2558 1214 2601 Ecclesiae
1234 2571 1438 2608 morem,
1468 2558 1512 2598 in
1529 2555 1656 2602 Eecl.

405 2624 555 2679 Hung.
588 2635 837 2667 retentum.
897 2627 1038 2668 Plura
1073 2627 1176 2683 lege
1209 2627 1253 2667 in
1284 2627 1394 2667 meis
1424 2624 1652 2667 Amoenit.

401 2693 570 2735 Fascic.
604 2696 656 2735 11.
690 2707 809 2736 num.
840 2696 895 2738 ΙΙ.
928 2694 968 2753 §.
1000 2696 1165 2750 primo.
1498 2702 1501 2706 '
