1779 3128
274 162 372 210 282
869 174 1053 205 Q

270 278 608 328 nihilominus
661 287 779 345 post
814 287 1080 344 tempore,
1133 278 1326 330 scilicet
1363 280 1447 328 die
1486 279 1648 336 unde.

270 363 405 411 eima
440 359 630 411 mensis
658 357 816 417 Maii,
854 373 988 409 anno
1021 359 1161 421 1694.
1189 362 1299 414 vita
1325 359 1548 415 functus.
1585 361 1645 424 l)

821 511 873 583 §.
947 517 1111 568 cxx.

729 637 886 696 Eius
929 634 1192 700 decreta..

408 812 636 860 Decreta
685 829 779 878 per
829 830 947 862 eum
1002 812 1344 871 Antistitem‚
1393 813 1646 878 simulqve

269 890 759 957 Caesareo-Regiae
797 892 1082 940 Maiestatis
1122 891 1521 951 Consiliarium,
1559 909 1650 941 an·-

268 987 339 1024 no
375 969 567 1019 Christi
622 972 761 1033 1690.
809 971 895 1020 die
935 974 1111 1039 qvinta
1147 972 1308 1031 Iunii,
1361 982 1411 1020 et
1450 971 1647 1021 duobus

267 1050 606 1114 seqventibus
641 1050 876 1109 condita,
913 1050 1226 1099 decernunt:
1267 1050 1393 1118 Cap.
1439 1065 1478 1103 1.
1517 1053 1648 1107 Cum

270 1129 660 1177 Sanctissimum
704 1130 805 1178 Dei
852 1147 1041 1178 nomen
1092 1133 1246 1178 variis
1293 1129 1652 1197 proscindatur

269 1206 540 1267 dicteriis,
594 1209 828 1257 Pastores
882 1209 1229 1262 Ecclesiarum
1261 1247 1276 1269 ‚
1333 1213 1649 1276 gravitatem

267 1289 419 1334 istius*
453 1290 681 1336 criminis
721 1289 1050 1354 freqventer‚
1089 1305 1146 1337 ac
1179 1291 1441 1354 signanter
1470 1289 1651 1337 Domi,

266 1367 396 1414 nicis
436 1367 573 1419 infra
610 1379 848 1419 octavam
885 1367 1182 1418 Nativitatis
1220 1368 1561 1426 Dominicae,
1600 1378 1651 1416 et
1725 1431 1728 1435 .

267 1445 509 1513 Corporis
549 1445 1108 1514 Christicxaggerent.
1180 1446 1521 1514 Blasphemos
1552 1446 1648 1495 Or,
1725 1492 1730 1497 ,

268 1526 475 1577 dinario
522 1525 894 1577 denunciaturi.
985 1527 1109 1594 Cap.
1169 1545 1213 1576 2.
1249 1524 1647 1594 Supplicandum

267 1603 464 1670 Regiae
493 1605 791 1664 Maiestati,
830 1605 893 1655 de
921 1605 1196 1672 Religione
1226 1605 1497 1654 Catholica
1532 1622 1649 1674 spe-

271 1686 450 1733 ciatim
502 1685 555 1732 in
594 1682 1014 1735 Transdravanis
1050 1685 1316 1751 partibuS,
1365 1697 1414 1733 et
1463 1685 1585 1735 locis
1622 1700 1652 1736 a

270 1760 451 1813 Turca
489 1765 744 1829 receptis,
784 1752 1122 1830 protegenda.
1208 1752 1444 1815 Uniuersi
1479 1774 1651 1812 autem

271 1840 495 1899 Clerici,
531 1857 588 1889 ac
626 1832 964 1902 SacerdoteS,
1012 1845 1208 1893 Missae
1246 1844 1562 1895 Sacrificium
1600 1853 1650 1897 et

267 1920 624 1981 celebratum,
664 1933 714 1970 et
751 1921 1012 1983 auditum,
1055 1941 1151 1989 pro
1188 1925 1384 1975 unitate
1422 1920 1563 1980 fidei,
1597 1933 1647 1974 et

267 1999 411 2053 felici
460 2011 592 2050 statu
647 1999 772 2049 fidei
828 2000 1122 2051 Catholicae
1169 2003 1220 2049 in
1284 2017 1344 2051 ea
1381 2001 1645 2060 Dioecesi,

266 2079 463 2127 offerre
502 2090 787 2130 teneantur.
859 2080 984 2148 Cap.
1022 2095 1070 2140 3.
1104 2080 1451 2133 Ecclesiarum
1490 2079 1646 2129 Paro-.-

270 2157 517 2215 chialium
566 2163 950 2226 reparationes,
1005 2177 1066 2208 ex
1113 2171 1368 2225 proventu
1406 2159 1646 2224 Capella-

270 2232 385 2286 rufin
424 2239 566 2288 fiant.
640 2239 828 2291 Cruces
867 2251 1040 2288 autem
1077 2239 1201 2289 locis
1227 2240 1517 2303 incongruis
1556 2255 1645 2304 po-

265 2319 396 2365 sitae
434 2302 774 2370 succidantur.
857 2321 1031 2368 Icones
1080 2318 1139 2367 B.
1172 2317 1254 2366 M.
1290 2317 1353 2364 V.
1391 2316 1645 2365 adscititio

266 2396 496 2467 capillo,
547 2408 598 2446 et
646 2399 875 2449 vestibus
925 2399 1198 2450 mulierum
1248 2413 1312 2444 ne
1361 2397 1642 2467 profanem

1477 2487 1575 2529 tur·
1656 2490 1658 2493 ’

263 2640 267 2657 ;
322 2608 376 2664 ᾗ)
408 2607 528 2665 Lege
571 2608 780 2666 Peterffy
820 2612 873 2652 T.
917 2611 972 2654 Π.
1017 2623 1120 2665 pag.
1165 2621 1259 2662 405.
1302 2623 1395 2661 seq.
1445 2617 1492 2649 et
1519 2609 1642 2664 Pray

271 2684 284 2692 ’”
385 2679 620 2736 specimen
650 2679 774 2723 Hier.
806 2680 952 2738 Huug.
984 2689 1113 2734 parte
1145 2679 1202 2725 11.
1227 2692 1329 2735 pag.
1361 2690 1458 2733 405.
1491 2691 1583 2731 seq.
