1779 3128
308 209 370 266 46
891 208 1080 237 ······*'·

307 489 500 537 festum
536 487 599 537 B.
652 488 911 547 Martini,
966 500 1120 554 atqve
1169 491 1304 538 infra
1357 491 1586 540 eiusdem
1627 508 1684 540 ο·
1753 496 1759 506 ’

310 579 548 625 mavum,
591 584 710 615 mox
747 567 1030 616 celebravit
1069 567 1393 632 Concilium3
1428 574 1569 618 cuius
1606 583 1683 620 at-

312 645 768 705 tamendecreta,
819 663 952 694 anno
1000 645 1248 696 duntaxat
1301 661 1549 713 seqvente
1587 660 1685 715 pu-

305 725 559 786 blicavit,
610 729 806 774 animos
855 729 1055 774 interea
1092 727 1449 793 Hungarorum
1497 746 1682 795 exper-

308 812 470 855 turus,
520 805 581 868 s)
669 806 815 854 Hanc
873 822 968 871 ego
1029 805 1296 871 Synodum
1355 807 1685 858 Nationalem

308 884 467 934 fuisse
509 901 612 932 non
660 885 900 951 ambigo,
952 902 1068 932 cum
1123 888 1233 935 eius
1271 889 1477 953 negotia
1514 889 1684 954 Lega-

313 975 429 1024 ἴῃς,
482 967 533 1011 in
592 968 820 1030 generali
860 968 1256 1025 Praelatorum‚
1306 986 1366 1013 ac
1402 971 1683 1029 Emonam,

311 1056 361 1091 et
404 1046 693 1104 Nobilium,
746 1046 1048 1107 aliarumque
1101 1047 1396 1094 notabilium
1441 1064 1677 1107 persona·
1719 1070 1723 1073 κ

309 1142 420 1172 rum
455 1126 961 1181 Ecclesiasticarum‚
1001 1140 1142 1186 qvam
1184 1128 1515 1172 saecularium
1557 1129 1682 1172 Con·

311 1206 457 1260 cilio,
509 1205 809 1248 tractavisse
850 1204 1087 1265 legatur;
1139 1201 1197 1263 t)
1247 1202 1370 1251 dum
1418 1215 1590 1251 tamen
1626 1221 1682 1250 o·

309 1296 454 1329 mnes
493 1296 577 1327 eos
615 1289 823 1345 specto,
878 1280 966 1343 qvi
1018 1277 1084 1326 ad
1132 1278 1263 1329 hanc
1301 1294 1678 1331 convenerant:

1554 1372 1605 1409 et

356 1503 411 1558 ⁴r)
441 1503 713 1547 Orationem
745 1505 802 1547 ad
832 1504 980 1547 Status
1010 1506 1160 1564 Hung.
1207 1505 1374 1546 dixisse
1415 1505 1622 1562 legatum
1654 1519 1679 1547 e

420 1572 696 1614 documento
729 1573 813 1613 illo
846 1584 1021 1615 certum
1055 1584 1156 1623 est,
1199 1574 1322 1627 qvofl
1354 1588 1408 1614 ex
1441 1574 1680 1617 continua·
1711 1572 1721 1586 ““

415 1649 520 1681 tore
563 1640 747 1684 Batonii
786 1639 959 1683 Odoric
1001 1641 1277 1697 Raynaldo,
1319 1643 1465 1682 Tomo
1496 1643 1588 1682 XV.
1622 1641 1682 1683 ad

417 1723 490 1752 an.
526 1719 644 1761 1308.
677 1722 794 1754 num.
827 1722 892 1762 23.
923 1707 1172 1753 Pessterffius
1214 1718 1369 1750 noster
1401 1709 1538 1751 toties
1571 1709 1682 1750 cita-

415 1785 467 1816 to
514 1789 588 1829 op.
628 1777 683 1817 Τ.
728 1790 763 1819 1.
806 1791 910 1834 pag.
959 1790 1052 1831 150.
1098 1777 1334 1830 produxit.
1406 1776 1678 1817 Orationem

418 1857 561 1893 vero,
593 1857 724 1898 qvam
756 1844 884 1885 velut
915 1859 939 1886 a
969 1846 1017 1885 B.
1049 1845 1303 1900 Augustino
1335 1844 1563 1898 Episcopo
1595 1845 1679 1884 Za-

417 1911 552 1968 grab.
594 1911 641 1952 in
682 1912 852 1965 campis
895 1912 1105 1956 Pestanis
1149 1912 1323 1953 dictam
1353 1940 1367 1960 ,
1422 1921 1526 1966 post
1566 1911 1683 1955 alios

371 1972 374 1975 ⁵
417 1979 641 2033 produxit
673 1979 842 2036 Georg.
867 1980 992 2034 Pray
1025 1978 1177 2023 annal.
1205 1980 1259 2020 R.
1282 1980 1334 2022 H.
1359 1988 1488 2032 parte
1519 1979 1554 2020 Ι.
1578 1993 1683 2036 pag.
1730 2005 1735 2009 -

417 2055 512 2102 389.
546 2056 621 2096 et,
652 2061 763 2100 qvae
795 2047 968 2104 legitur
1000 2048 1121 2087 inter
1145 2047 1389 2090 Constitut.
1423 2046 1678 2102 synodales

346 2140 349 2141 ν
418 2110 582 2157 Πίοεο.
616 2114 813 2172 Zagrab.
847 2128 965 2155 anno
1004 2118 1123 2169 1766.
1156 2114 1277 2168 typis
1310 2115 1485 2161 editaS‚
1529 2114 1682 2155 eidem

417 2183 461 2226 S.
490 2182 700 2224 Praesuli
739 2182 1095 2225 abiudicandarn
1117 2210 1130 2230 ,
1162 2182 1495 2225 demonstravit
1528 2181 1593 2225 Cl.
1625 2181 1680 2222 P.

419 2251 577 2292 Xistus
608 2250 796 2299 Schier,
836 2250 880 2290 in
913 2251 1091 2290 dissert.
1128 2250 1183 2290 de
1217 2250 1356 2291 duob.
1391 2250 1679 2292 sermonibus

419 2317 659 2374 Augustini
693 2327 780 2359 etc.
840 2319 1138 2359 Vindobonae
1171 2330 1241 2358 an.
1278 2320 1396 2370 1765.
1432 2317 1553 2370 typis
1587 2317 1683 2356 edi-

418 2395 481 2426 ta.
541 2385 590 2435 s)
632 2386 886 2426 Concilium
921 2387 967 2426 id
1000 2398 1054 2424 ex
1085 2385 1189 2426 Mss.
1224 2382 1422 2435 protulit
1454 2384 1498 2423 in
1529 2384 1682 2425 lucem

423 2450 638 2506 Poterffy
669 2454 744 2493 cit.
776 2454 899 2494 loco.
958 2456 1025 2496 De
1068 2451 1302 2492 cardinali
1352 2461 1503 2492 autem
1528 2481 1539 2499 ‚
1578 2453 1686 2494 vide

421 2518 548 2563 mdas
578 2521 890 2564 Amoenitates
930 2520 1046 2562 Hist.
1076 2519 1198 2562 Eccl.
1244 2519 1298 2562 R.
1330 2519 1383 2559 H.
1426 2517 1579 2562 fascic.
1611 2521 1684 2562 IV.

421 2601 545 2630 num.
578 2591 612 2631 Ι.
647 2585 758 2644 §.3
818 2585 867 2640 t)
900 2591 948 2630 In
983 2588 1166 2627 docum.
1202 2596 1338 2630 antea
1369 2601 1424 2627 ex
1454 2585 1678 2628 Poterffio
1734 2610 1735 2614 =

422 2655 582 2696 citato.
644 2657 759 2697 Item
803 2669 858 2696 ex
887 2663 1055 2699 statuto
1087 2654 1235 2709 primo
1258 2683 1273 2704 ,
1306 2655 1362 2696 de
1394 2663 1514 2696 statu
1543 2655 1682 2712 Regis
1753 2655 1759 2660 '

429 2723 632 2765 condito,
