1779 3128
310 217 403 265 228
894 215 1078 233 '¹‘-

310 336 402 392 sit,
441 333 562 396 qvin
618 326 800 377 saltem
836 329 887 376 in
926 327 1173 377 Paschate
1215 329 1593 377 communicent
1627 344 1683 376 o-

316 429 478 460 mneS.
551 410 596 457 6.
637 409 830 457 Diebus
867 408 1184 467 Dominicis,
1231 419 1280 456 et
1317 409 1429 456 aliis
1466 408 1684 468 festivis,
1725 396 1730 402 ’

315 492 435 539 fidei
474 491 653 548 initia,
689 488 784 536 hoc
821 499 926 547 est,
975 490 1137 536 oratio
1170 488 1475 547 Dominica,
1512 488 1684 553 Ange-

313 570 415 617 lica
454 564 726 626 salutatio,
764 567 1094 633 Symbolum,
1133 577 1182 615 et
1218 566 1434 626 similia,
1470 583 1498 614 a
1530 567 1686 614 Paro-

318 647 413 696 cho
443 650 615 713 pueris
645 649 698 694 in
724 646 916 714 templo
945 644 1249 703 tradantur,
1288 645 1354 693 ad
1384 645 1519 709 qvod
1548 662 1687 694 cam-

318 743 485 794 panae
522 729 666 791 signo
703 727 975 788 convocari
1011 725 1269 774 debebunt
1307 741 1336 771 a
1365 724 1597 791 prandio.
1636 740 1687 786 7.

320 805 518 854 Eadem
573 805 851 853 Dominica
914 807 1077 853 oratio
1141 820 1170 852 a
1229 803 1687 853 Concionatoribus

321 885 622 948 freqventer
668 883 992 949 explicetur,
1049 895 1098 932 et
1142 885 1333 950 populo
1388 885 1687 933 inculcetur.

322 973 368 1019 8.
410 964 648 1022 plebani,
700 951 748 1010 et
803 963 888 1011 alii
928 962 1135 1021 Cureti,
1190 963 1601 1031 baptizatorum,
1638 974 1691 1013 et

324 1054 645 1109 compatrum
696 1046 907 1090 nomina
967 1042 1243 1108 diligenter
1292 1054 1585 1104 annotare,
1639 1054 1692 1093 et

324 1121 576 1171 eiusmodi
613 1121 903 1188 catalogum
938 1124 990 1169 in
1026 1122 1266 1171 Ecclesiis
1304 1121 1579 1188 diligenter
1613 1139 1692 1171 as-

324 1217 530 1250 servare
579 1199 788 1250 debent.
887 1216 932 1262 9.
986 1199 1239 1250 Parochus
1274 1201 1467 1251 librum
1501 1200 1566 1250 de
1600 1202 1692 1252 ba-

321 1283 556 1350 ptizatis,
595 1291 646 1329 et
681 1280 1057 1346 compatribus,
1107 1279 1172 1329 ad
1212 1280 1368 1329 aliam
1406 1281 1692 1333 Ecclesiam

323 1363 607 1419 transienS,
646 1363 925 1410 successori
963 1358 1168 1410 tradere
1203 1360 1408 1410 debeat.
1485 1376 1558 1410 10.
1597 1362 1694 1411 Per

324 1440 694 1506 negligentiam
730 1440 901 1488 nullus
937 1439 1103 1487 infans
1141 1442 1249 1488 sine
1286 1440 1574 1506 baptismo,
1601 1457 1693 1489 ne-

325 1537 424 1584 qve
473 1517 673 1568 adultus
723 1518 915 1584 absqve
964 1518 1281 1568 confessione
1316 1556 1336 1578 ,A
1381 1528 1430 1567 et
1467 1536 1693 1568 commu-

324 1602 476 1648 nione
525 1609 723 1664 pereat.
818 1613 892 1647 11.
949 1596 1427 1663 Qvadragesimae,
1475 1609 1694 1662 qvatuor

325 1688 646 1743 temporum,
686 1688 735 1726 et
760 1677 974 1725 aliarum
999 1677 1296 1742 vigiliarum
1327 1679 1546 1736 ieiunia,
1578 1694 1693 1727 cum

326 1755 502 1805 debita
539 1756 875 1816 abstinentia,
914 1758 1017 1803 iam
1043 1766 1191 1804 antea
1222 1771 1250 1804 a
1275 1755 1504 1805 Patribus
1541 1771 1693 1821 prae·
1744 1756 1748 1810 j

326 1839 514 1902 scripta
543 1872 557 1893 ,
612 1834 887 1901 diligenter
936 1846 1225 1884 serventur.
1318 1848 1393 1883 12.
1443 1834 1691 1899 Rogatio-
1743 1848 1773 1901 ξι

327 1932 451 1963 num
499 1915 660 1963 tribus
711 1914 928 1974 diebus,
978 1912 1076 1962 hoc
1115 1923 1221 1972 est,
1269 1913 1398 1961 feria
1446 1912 1692 1973 secunda,
1743 1907 1773 1971 ’ζ

325 1996 481 2042 tertia
511 2030 527 2052 ,
579 2005 630 2042 et
681 2005 865 2057 qvarta
895 2030 909 2051 ,
960 2003 1078 2040 ante
1129 1991 1314 2039 festum
1363 1990 1692 2040 Ascensionis
1742 1987 1750 2048 [t

329 2073 576 2131 Domini,
623 2074 675 2119 in
711 2071 802 2120 hac
849 2083 1022 2119 nostra
1067 2071 1308 2118 Iauriensi
1357 2069 1626 2128 Dioecesi,
1663 2087 1692 2119 a

330 2152 566 2199 carnibus
604 2151 947 2209 abstineatur,
983 2153 1120 2198 iuxta
1143 2149 1430 2197 doctrinam
1459 2149 1567 2197 divi
1590 2149 1695 2198 Au-

331 2233 556 2295 gustini,
595 2232 683 2295 qvi
721 2232 790 2278 sic
830 2232 1019 2294 inqvit:
1058 2231 1170 2277 Sine
1196 2231 1343 2275 dubio
1374 2239 1693 2289 peccatorum

330 2327 533 2357 suorum
573 2313 773 2356 vulnera
804 2312 1006 2374 diligit,
1053 2294 1136 2370 qv}
1177 2310 1288 2353 z'stis
1324 2308 1486 2353 tribus
1523 2309 1697 2354 diebus
1739 2313 1742 2355 j

334 2392 630 2445 ieiunando,
680 2391 900 2445 orand0,
949 2398 997 2434 et
1035 2388 1289 2448 psallendo
1335 2388 1696 2433 medicamenta
1738 2359 1742 2412 Ἰ

333 2469 434 2514 sibl
465 2470 751 2526 spiritualia
799 2486 893 2513 non
940 2467 1163 2527 requirit:
1248 2461 1492 2510 Sermone
1527 2465 1696 2528 primo
1737 2459 1740 2524 ξ

334 2545 387 2591 in
423 2544 602 2608 vigilia
642 2542 965 2590 Ascensionis
1004 2542 1234 2590 Domini.
1313 2541 1376 2588 Et
1413 2543 1697 2607 processio·
1735 2531 1740 2594 Ῐ

260 2642 265 2648 ·
336 2639 426 2670 nes
479 2639 686 2686 qvoqve
723 2625 941 2669 usitatae
992 2630 1276 2673 serventur.
1369 2633 1441 2679 13.
1493 2619 1696 2667 Docen-

1490 2696 1627 2758 dum,

1740 2227 1743 2241 Ι

1740 2290 1743 2299 ι
