1779 3128
661 199 845 215 .......
1370 202 1433 247 ὀμ

1405 221 1434 248 0)

48 312 346 377 silvaniam,
397 328 529 359 anno
580 311 795 360 Domini
852 327 990 374 1493.
1044 327 1227 371 natus,
1277 323 1435 374 atqve

42 379 194 439 'hanc
246 392 311 439 ob
366 410 509 452 rem,
560 392 730 457 qvoad
779 395 945 451 vixit,
997 398 1224 451 Olalms,
1278 395 1436 440 etiam

61 472 126 519 ab
183 462 341 521 semet
392 477 504 539 ipso
551 472 931 539 compellatus:
984 489 1045 519 ex
1093 473 1229 520 Aula
1278 471 1438 537 Regis

61 549 355 613 Uladislai,
405 554 470 602 ad
518 568 670 618 qvam
721 568 854 600 anno
911 567 1051 610 1510.
1088 562 1338 609 venerat,
1376 551 1440 598 ad

61 631 348 698 Georgium
386 632 451 682 de
499 632 761 681 Szathmar
809 632 1126 697 Episcopum
1167 632 1436 696 Qvinqve-

58 712 443 761 Ecclesienscm
471 751 485 771 ,
551 730 645 779 pro
717 714 983 760 secretarii
1042 728 1255 759 munere
1323 728 1442 759 cum

60 794 335 841 translatus
384 793 563 841 fuisset
596 830 610 850 ,
679 795 909 860 primum
958 794 1104 839 eiatis
1155 790 1442 848 Ecclesiae,

60 871 180 920 dein
210 874 464 939 Episcopo
494 873 808 938 Strigonium
842 871 1125 928 translato,
1166 869 1316 917 huius
1346 870 1444 917 Ec-

55 954 247 1001 clesiae
288 952 611 1010 Canonicus,
650 963 699 1000 et
736 950 1150 1000 Archidiaconus
1190 949 1438 998 Comaro-

58 1035 269 1080 miensis
317 1032 723 1092 nominabatur3
775 1030 840 1079 ob
878 1033 1158 1088 virtutem,
1212 1030 1439 1097 pruden-

0 1158 1 1161 ,
59 1114 221 1169 tiam,
262 1122 308 1158 et
351 1111 727 1170 eruditionem,
767 1113 818 1158 in
852 1108 960 1158 dies
1000 1110 1225 1168 clarior,
1264 1109 1442 1158 Ludo-

56 1194 180 1238 vico
227 1192 290 1238 II.
342 1190 473 1255 Regi
525 1207 553 1237 a
604 1191 854 1248 Secretis,
901 1201 950 1238 et
987 1190 1215 1238 consiliis
1254 1190 1444 1248 factus,

55 1281 174 1337 post
212 1273 411 1317 tristem
447 1268 594 1316 huius
636 1271 902 1316 interitum
926 1305 941 1325 ,
995 1269 1200 1329 Mariae
1236 1269 1444 1318 Viduae

58 1347 334 1414 Reginae,
370 1348 641 1396 voluntate
681 1347 857 1396 Caroli
891 1346 951 1395 V.
988 1346 1220 1396 Caesaris
1257 1367 1442 1416 regen-

60 1427 129 1476 do
165 1427 349 1493 Belgio
389 1426 632 1475 admotae
671 1444 805 1475 anno
831 1426 1048 1474 Domini
1093 1441 1233 1486 1531.
1272 1431 1323 1475 in
1352 1446 1443 1495 gu-

56 1508 325 1559 bernanda
359 1508 630 1556 Provincia
651 1545 664 1566 ,
704 1507 937 1555 director
966 1511 1280 1574 praecipuus
1315 1522 1442 1567 erat,

57 1584 337 1655 postqvam
386 1603 520 1635 anno
565 1603 705 1648 1527.
757 1587 938 1636 Custos
985 1586 1226 1635 Albensis
1264 1588 1443 1637 Eccle—

62 1671 170 1715 siae
211 1684 269 1715 ac
322 1665 698 1715 Thesaurarius
748 1684 776 1715 a
824 1667 1154 1715 Ferdinando
1203 1669 1241 1718 I.
1299 1668 1442 1735 Rege

57 1747 357 1813 Hungariae
391 1749 682 1794 nominatus
713 1747 906 1796 fuisset.
979 1747 1237 1797 Reversus
1275 1751 1326 1797 in
1350 1749 1444 1797 Pa-

60 1829 216 1874 triam
253 1842 369 1874 cum
407 1843 564 1892 opere
601 1824 785 1885 docto,
834 1826 975 1891 qvod
1009 1833 1329 1894 fficngarz’am
1367 1831 1444 1875 in-

59 1908 298 1971 scripsit,
350 1903 496 1952 datus
535 1916 609 1952 est
657 1904 722 1953 ab
761 1907 947 1955 eodem
997 1907 1143 1973 Rege
1198 1908 1443 1974 Zagrabi·

61 1985 266 2032 ensibus
303 1984 565 2041 Antistes,
607 2001 743 2032 anno
778 2001 919 2045 1543.
948 1987 1100 2034 simul
1121 1987 1284 2036 Aulae
1309 1987 1443 2036 Can-

61 2064 263 2112 cellarii
323 2063 527 2111 titulum
595 2077 980 2129 conseqvutus:
1040 2084 1258 2132 cumqve
1308 2085 1442 2116 anno

67 2159 207 2204 1547.
249 2143 406 2210 Regis
438 2156 702 2210 compater
739 2146 854 2192 fieri
890 2150 1277 2211 promeruisset,
1309 2164 1442 2196 anno

60 2235 345 2287 seqvente,
385 2227 569 2272 summi
609 2241 667 2271 ac
707 2225 978 2273 Secretarii
1013 2225 1324 2275 Cancellarii
1357 2245 1442 2275 au·

65 2315 173 2350 ctus
210 2302 405 2351 honore
431 2341 446 2362 ,
499 2304 649 2351 simul
701 2303 769 2352 ad
819 2304 1186 2375 Episcopatum
1222 2307 1442 2373 Agricu-

63 2399 174 2431 sem
222 2383 671 2444 transferebatur;
736 2383 946 2433 demum
1000 2401 1133 2434 anno
1186 2401 1327 2446 1553.
1379 2388 1444 2436 ab

66 2460 251 2510 eodem
287 2463 428 2529 Rege
464 2463 829 2530 Strigoniensis
857 2463 1307 2532 Archiepiscopus,
1332 2484 1443 2529 max-

63 2557 165 2605 gno
202 2541 460 2591 Ecclesiae
500 2545 827 2610 Hungaricae
878 2545 1015 2593 bono
1063 2557 1263 2595 creatus
1312 2558 1441 2604 erat,

63 2637 197 2671 anno
231 2634 477 2685 seqvente
513 2641 618 2700 per)
645 2625 828 2675 Iulium
865 2626 954 2675 ΙΙΙ.
988 2625 1296 2677 Pontificem
1320 2642 1441 2674 con·

1299 2706 1321 2718 ἢ

1292 2717 1376 2753 nr-
