1779 3128
700 215 883 230 “““““““““““
1422 217 1484 261 ,57

98 335 231 379 xime
265 347 380 378 vero
415 331 463 375 in
499 330 801 376 Civitatibus
836 331 1087 375 montanis
1125 327 1476 375 existentibus.

96 413 226 458 Item
280 411 725 463 [sice-Plebam's,
781 412 1093 467 C'apellarum
1125 444 1139 466 ,
1199 410 1482 465 Altos-ium,

97 502 147 537 et
183 492 522 551 Hospitalimn
570 489 878 535 Hectoribus
900 522 915 544 ‚
963 491 1205 548 exemptis
1229 523 1243 544 ,
1295 497 1343 532 et
1379 504 1478 533 non

97 572 373 630 exemptis,
413 571 616 630 aliisque
652 569 960 627 beneficiatis
1010 572 1340 627 cuiuscunque
1375 575 1486 613 sta·

98 660 216 711 tus,
265 660 314 695 et
363 652 588 706 ordinis,
645 650 946 694 conditionis
982 658 1031 693 et
1069 650 1339 711 dignitatis
1381 649 1483 693 exi-

96 740 271 786 stant,
320 733 368 775 in
415 730 684 784 Dioecesi,
737 737 786 773 et
820 730 1182 774 lurisdictione
1219 726 1483 773 Ecclesiae

96 810 532 869 [metropolitanae
569 793 931 871 Strtgoniensis
981 807 1188 852 ubilibet
1238 808 1486 852 constitu-

96 891 200 934 tis:
239 897 287 933 ut
325 903 417 952 pro
456 884 685 938 festoB.
724 883 996 933 Adalberti
1032 885 1178 933 Pont.
1222 894 1274 931 et
1314 883 1393 931 Μ.
1435 884 1486 929 in

98 964 328 1013 Ecclesia
379 965 438 1015 B.
481 964 685 1013 Nicolai
737 963 1024 1013 Tirnaviae
1077 962 1334 1022 fundata,
1396 962 1425 1009 S
1471 990 1490 999 -
1560 1015 1567 1019 ,

96 1043 271 1103 nodo,
320 1066 413 1108 pro
465 1048 806 1108 exstirpandis
855 1050 1028 1104 vitiis,
1082 1057 1132 1093 et
1191 1048 1487 1107 plantandis

91 1128 374 1180 ‘virtutibus
424 1136 780 1183 convocatae,
831 1125 1121 1187 adessent3
1173 1127 1327 1173 simul
1374 1143 1484 1172 cum

87 1208 368 1268 formatis,
410 1209 801 1264 donationibus,
851 1209 1169 1270 iuribusqve,
1223 1215 1272 1251 et
1310 1207 1486 1252 litera-

98 1287 228 1332 libus
265 1286 368 1331 suis
405 1289 787 1344 instrumentis,
825 1289 875 1331 si
906 1303 1026 1348 qvae
1068 1303 1218 1347 super
1255 1287 1485 1332 collatio-

103 1384 161 1412 ne
193 1401 209 1424 ,
262 1375 312 1412 et
354 1366 639 1427 provisione
672 1400 688 1424 ,
744 1366 1067 1411 electionibus
1101 1400 1117 1424 ,
1170 1367 1486 1412 investituris

104 1445 602 1507 confirmationibus,
661 1445 1088 1491 benedictionibus
1138 1446 1209 1490 ad
1238 1446 1488 1506 Insulam,

99 1536 148 1571 et
199 1528 641 1572 administratione
701 1524 1049 1584 beneficiorum
1102 1520 1374 1572 haberent.
1422 1521 1485 1585 h)

92 1602 176 1651 'Ex
227 1602 412 1666 qvibus
464 1601 674 1662 verbis,
727 1601 825 1651 duo
862 1602 1078 1668 colligas
1126 1602 1322 1651 velim:
1379 1619 1491 1650 sco-

100 1699 222 1749 pum
258 1681 507 1730 videlicet
545 1680 740 1749 Synodi
780 1693 1139 1743 convocatae3
1197 1693 1306 1731 tum
1342 1699 1490 1742 vero,

100 1761 366 1829 Synodum
417 1765 568 1810 istam
624 1765 763 1812 iuxta
815 1765 1251 1811 convocationem
1303 1761 1489 1810 Archi-

99 1843 348 1909 praesulis
386 1879 401 1901 ,
452 1842 834 1890 Dioecesanam
885 1843 1209 1891 solummodo
1269 1842 1495 1892 futuram

99 1922 287 1982 fuisse,
326 1925 425 1970 nisi
461 1939 557 1988 per
598 1934 937 1990 spontaneum
974 1923 1238 1972 Ecclesiae
1274 1923 1485 1989 Hunga-

103 2004 241 2051 ricae
290 1991 589 2051 Praeshlum
642 2019 945 2062 accursum,
997 2020 1101 2051 non
1140 2001 1296 2051 modo
1334 2006 1491 2052 Dioe-

103 2087 679 2146 cesano-provincialis,
729 2094 783 2132 ut
837 2100 952 2132 eam
990 2083 1266 2132 Pe'terffius
1319 2085 1488 2131 nomi-

102 2173 224 2222 nat,
260 2179 443 2210 verum
493 2168 766 2212 nationalis
817 2164 1007 2213 effecta
1059 2164 1257 2213 fuisset.
1348 2163 1490 2229 Qva-

103 2241 205 2289 lem
241 2242 426 2309 probat
463 2242 618 2291 fuisse
648 2246 975 2310 praesentia,
1008 2243 1242 2292 Mathiae
1267 2243 1485 2292 Bruma-

105 2323 157 2367 ni
192 2321 571 2387 Zagrabiensis,
611 2334 660 2371 et
684 2322 1203 2389 FrancisciForge'lch
1240 2321 1303 2371 de
1338 2321 1486 2389 Ghy-

108 2416 215 2447 mes
252 2400 618 2462 Varadiensis,
657 2403 1066 2470 Episcoporum3
1104 2406 1309 2452 tametsi
1336 2403 1486 2451 dees-

108 2490 185 2528 set
237 2479 726 2552 Archi-Episcopus
782 2484 1112 2548 ColocensiS,
1168 2486 1262 2550 qvi
1297 2495 1424 2532 tunc
1455 2499 1485 2538 a

1286 2581 1423 2615 mor-

166 2729 219 2787 h)
251 2731 368 2775 Ibid.
401 2746 505 2795 pag.
541 2752 633 2793 131,
663 2749 711 2784 et
741 2755 835 2799 seq.
