1779 3128
342 222 436 255 200
751 239 754 242 ,
926 218 1106 247 ξ

821 319 870 391 5..
941 325 1209 376 LXXXII.

683 448 918 511 Eorum
956 447 1350 506 continuatio.

473 603 591 653 Post
625 603 754 653 haec
795 621 868 656 12.
898 605 1132 657 doctrina
1158 612 1388 673 seqvitur
1426 608 1489 657 de
1527 610 1705 657 Sacra-

339 695 515 733 mento
565 684 919 735 Eucharistiae
955 689 1211 752 practica,
1264 687 1428 736 ferme
1485 688 1550 736 ad
1586 706 1704 735 ver-

339 764 463 813 bum
501 781 727 813 consona
769 765 1032 815 Nitriensi.
1127 779 1199 824 13.
1249 766 1431 831 Aeqve
1472 765 1706 814 doctrina

342 841 406 890 de
446 843 697 892 Unctione
734 855 980 893 extrema.
1078 861 1167 901 14..
1209 846 1338 892 Item
1376 843 1606 893 doctrina
1643 844 1707 894 de

343 922 551 971 Ordinis
589 922 942 972 Sacramento.
1035 938 1106 984 15.
1163 923 1318 989 Qvod
1353 926 1523 990 ipsum
1558 924 1708 971 intel-

340 1001 478 1066 lige,
515 1019 629 1051 cum
668 1002 733 1050 de
768 1005 984 1068 septimo
1021 1003 1348 1052 Sacramento
1382 1003 1708 1050 Matrimonii

343 1091 418 1129 est
455 1097 641 1129 sermo.
720 1081 807 1129 16.1
833 1081 1072 1145 Seqvitur
1103 1080 1411 1133 Constitutio
1444 1080 1508 1131 de
1540 1081 1709 1129 banno

339 1159 707 1219 Matrimonii,
745 1161 960 1225 perinde
1001 1160 1250 1208 Nitriensi
1299 1176 1541 1208 consona.
1635 1174 1707 1219 ¹7·

341 1238 440 1285 Hic
479 1236 784 1287 desideratis
822 1239 998 1301 foliis,
1054 1256 1178 1306 pars·
1223 1240 1412 1305 legitur
1449 1238 1708 1287 Constitu-

339 1318 528 1376 tionis‚
585 1335 716 1382 qvae
754 1318 974 1383 loqvens
1012 1316 1075 1366 de
1116 1318 1463 1366 celebratione
1504 1318 1711 1365 Divino·
1778 1351 1779 1358 κ

342 1412 456 1443 rum
494 1397 820 1456 officiorum,
859 1408 1103 1446 consonat
1138 1396 1404 1446 Nitriensi.
1493 1396 1708 1445 Additio

340 1488 515 1524 autem
561 1475 849 1536 Berislavi‚
897 1476 1037 1524 iubet
1072 1476 1320 1526 inculcari
1368 1476 1599 1541 popu10‚
1655 1485 1711 1523 ut

342 1553 525 1606 diebus
563 1556 763 1603 festivis
790 1592 805 1615 ‚
857 1572 916 1603 ac
953 1554 1241 1604 Dominicis
1280 1555 1453 1602 audiat
1492 1555 1708 1602 Missam

340 1650 369 1681 a
406 1637 657 1701 principio
695 1651 858 1698 usqve
894 1633 959 1682 ad
995 1635 1167 1682 finem.
1241 1635 1357 1700 Ipse
1393 1650 1518 1681 vero
1555 1632 1709 1681 Paro·

340 1713 496 1772 chus,
533 1713 874 1779 Evangelium
903 1714 1257 1778 praelectum,
1297 1712 1494 1778 populo
1534 1710 1707 1775 expla-

340 1804 448 1842 net.
524 1799 599 1846 18.
636 1793 876 1856 Seqvitur
899 1791 1160 1840 tantillum
1196 1792 1260 1839 de
1287 1792 1538 1847 simonia,
1574 1788 1706 1836 Con·

340 1874 588 1920 stitutioni
645 1870 886 1919 Nitriensi
948 1871 1228 1921 conforme.
1331 1870 1450 1916 Post
1510 1867 1709 1915 hiatum

339 1962 518 2016 postea
558 1950 835 2008 foliorum,
874 1966 991 2016 pars
1029 1952 1251 1997 maxima
1286 1948 1475 2012 legitur
1506 1945 1711 1995 Consti-

338 2033 544 2078 tutionis
583 2029 851 2077 Nitriensis
891 2027 954 2076 de
1004 2028 1284 2093 sepultura.
1368 2024 1469 2073 Sed
1504 2025 1709 2073 tantilla

343 2121 419 2157 est
456 2109 689 2158 additio:
743 2112 896 2175 Qvod
933 2120 1139 2171 propter
1173 2110 1481 2170 terragium,
1531 2109 1711 2153 nemini

342 2193 610 2252 interfecto
655 2192 984 2252 prohibeatur
1029 2189 1330 2249 sepultura:
1377 2188 1521 2231 modo
1568 2188 1712 2231 aliud
1777 2188 1779 2221 ἕ

343 2288 438 2317 non
475 2271 639 2315 obstet
675 2272 1102 2330 impedimentum,
1147 2268 1240 2312 sed
1267 2267 1326 2309 de
1360 2267 1517 2310 Bonis
1552 2267 1708 2310 inter·

328 2350 549 2412 sectoris
587 2353 839 2412 exigatur.
875 2346 926 2410 s)
1003 2359 1076 2408 19.
1117 2342 1423 2392 Constitutio
1464 2341 1527 2389 de
1564 2340 1707 2389 deci·
1778 2350 1779 2358 ¹

344 2425 472 2484 mis,
511 2425 756 2474 Nitriensi
793 2442 995 2496 prorsus
1022 2424 1271 2489 congruit.
1344 2437 1419 2470 20.
1460 2421 1709 2484 Seqvens,

348 2503 412 2552 de
449 2509 698 2553 sententia
749 2504 1331 2561 excommunicationis,
1382 2501 1554 2549 *eidem
1591 2518 1708 2566 per·
1778 2512 1779 2526 ¹

1520 2579 1641 2628 inde

399 2717 450 2773 s)
482 2713 646 2762 Confer
676 2715 1022 2763 adnotationem
1054 2713 1111 2759 ad
1139 2712 1176 2773 §.
1207 2714 1328 2759 xm.
1360 2714 1441 2756 sub
1472 2712 1609 2755 litera
1639 2710 1705 2766 k).
1778 2745 1779 2751 ,
