1779 3128
288 174 388 221 «280
873 176 1057 206 ..τ-ΞΕ

283 300 375 356 pto
412 285 654 335 debebat.
703 284 764 347 k)
853 285 1189 336 Constituitur
1237 305 1361 337 vero
1397 307 1492 357 per
1524 288 1663 338 hanc?

286 365 584 435 Synodum,
624 376 679 414 ut
714 363 881 431 pridIe
912 367 1025 416 festi
1061 369 1425 417 immaculatae
1460 369 1656 418 Conce-
1704 411 1709 416 ,

283 449 475 513 ptionis
512 444 572 494 B.
607 445 700 492 M..
722 444 783 494 V÷
817 444 880 494 ab
908 446 1145 495 omnibus
1185 450 1454 497 ieiunetur.
1527 448 1655 514 Cap.

281 540 333 584 5.
404 524 556 571 Festa
605 522 906 588 qvaedam‚
959 525 1286 574 iancclesia
1336 526 1656 587 Cathedrali,
1703 556 1711 567 ·

282 614 335 650 et
372 602 609 651 Dioecesi
653 601 869 668 posthac
912 602 1268 663 observanda,
1315 604 1398 653 hic
1446 623 1656 654 enume-

280 692 480 730 rantur.
552 680 678 748 Cap.
715 682 761 730 6.
831 680 915 730 Ad
963 681 1258 732 evitandam
1295 680 1657 750 suspicionem,
1718 717 1720 719 >

282 760 450 810 nullus
482 759 832 820 Clericorum,
863 762 1154 810 domesticis
1178 762 1499 821 mulieribus,
1527 776 1657 812 tam·

281 841 378 888 etsi
416 841 647 905 cognatis
697 839 933 905 adsignet
981 841 1155 889 claves
1192 858 1371 889 eorum
1406 842 1656 901 locorum,

281 918 374 966 ubi
412 922 633 984 ipsemet
670 917 930 967 ordinarie
961 931 1215 973 versatur.
1285 920 1458 975 Multo
1493 925 1656 987 magis

280 997 625 1064 prohibentur
662 997 963 1047 Sacerdotes
1015 1016 1130 1047 cum
1168 1001 1518 1049 servitricibus
1555 1017 1658 1048 una

280 1075 603 1138 comedere,
655 1077 742 1128 vel
795 1095 946 1125 curru
999 1078 1183 1127 eodem
1237 1078 1371 1128 vehi,
1466 1078 1658 1127 Curent

282 1168 458 1204 autem
491 1155 722 1215 Parochi‚
754 1167 807 1205 ut
835 1156 1064 1205 familiae
1095 1156 1402 1206 habitationi
1430 1175 1528 1205 non
1556 1159 1658 1205 sint
1695 1182 1698 1186 v

216 1273 219 1276 ·
277 1237 450 1285 vicini.
525 1234 652 1300 Cap.
700 1248 748 1295 7.
822 1236 1002 1301 Qvivis
1052 1235 1115 1284 de
1168 1236 1354 1296 Clero,
1393 1239 1656 1285 cuiuscun-

280 1333 380 1380 qve
417 1315 678 1381 dignitatis
728 1315 926 1377 fuerit,
979 1326 1125 1364 veste
1176 1319 1425 1382 superiori
1462 1315 1655 1363 solum·

276 1395 434 1444 modo
472 1398 653 1460 nigra,
691 1406 741 1443 et
776 1394 959 1461 longa:
1011 1395 1252 1442 inferiore
1300 1405 1471 1443 autem
1507 1392 1655 1441 habi-

276 1486 367 1532 tu,
405 1474 586 1522 coloris
621 1474 880 1533 violacei,
931 1484 1019 1522 aut
1068 1477 1232 1540 nigri,
1282 1491 1383 1521 non
1421 1472 1648 1531 alterius,

273 1565 466 1604 utatur.
537 1555 682 1602 Idem
719 1551 783 1601 de
816 1553 990 1620 pile0,
1043 1563 1199 1617 atqve
1241 1551 1445 1617 cingulo
1495 1552 1649 1600 intel-

275 1635 483 1701 ligatur.
553 1633 720 1692 Nodi‚
757 1635 1075 1682 manicarum
1112 1631 1499 1689 revolutiones,
1547 1629 1651 1678 col-

275 1715 387 1762 lare
419 1750 436 1774 ,
489 1724 642 1778 atqve
690 1714 954 1780 sericum,
1004 1709 1236 1758 eiusdem
1297 1713 1398 1758 sint
1442 1708 1648 1758 coloris.

275 1792 434 1840 Prout
485 1795 640 1840 etiam
688 1793 846 1839 vestis
895 1789 1182 1857 hyemalis,
1235 1805 1364 1854 qvae
1415 1787 1647 1853 chlamys

275 1871 590 1938 adpellatur.
675 1869 801 1936 Cap.
851 1876 897 1923 8.
981 1869 1147 1918 Nemo
1198 1870 1528 1932 transmigret
1578 1864 1646 1914 ad

276 1952 432 2001 aliam
464 1949 801 2008 parochiam,
835 1950 933 1997 nisi
968 1948 1264 2015 persolvat,
1314 1963 1445 2011 qvae
1479 1945 1645 2012 negli-

277 2033 454 2097 gentia
499 2033 605 2080 eius
653 2033 706 2077 in
755 2027 1134 2077 desolationem
1188 2026 1459 2076 abiverunt
1490 2062 1505 2084 ‚
1559 2024 1649 2074 vel

1460 2121 1582 2153 can·

331 2267 383 2325 k)
414 2269 703 2310 provocatur
743 2266 802 2309 ad
843 2280 940 2311 can.
973 2265 1193 2314 tertium,
1237 2262 1341 2305 dist.
1370 2277 1414 2318 3.
1445 2262 1502 2304 de
1534 2275 1641 2304 con-

385 2337 671 2381 sectatione:
703 2336 1010 2390 Rogationes,
1048 2335 1095 2374 id
1130 2342 1228 2379 est,
1271 2333 1493 2380 Litansas,
1538 2341 1642 2373 ante

383 2405 700 2447 Ascenssonem
737 2405 915 2445 Domini
947 2407 1117 2457 placuit
1159 2402 1376 2441 celebrari
1392 2429 1406 2449 ,
1445 2404 1508 2440 ita
1531 2428 1542 2447 ‚
1591 2408 1643 2439 ut

378 2481 674 2528 praemissum
715 2475 967 2513 trlduanum
1012 2475 1216 2510 iet'unium
1241 2498 1254 2517 ‚
1296 2474 1337 2509 in
1381 2469 1640 2511 Βοιηίηίσαε

383 2542 681 2583 Ascensionts'
706 2545 970 2582 solennitate
1009 2541 1227 2580 solvatur,
1258 2564 1310 2571 ---
1339 2563 1393 2571 -
1425 2539 1521 2588 Qvo
1565 2541 1643 2576 tri-

383 2613 469 2652 duo
502 2624 649 2651 omnes
667 2611 943 2658 abstineant,
973 2607 1502 2660 ec'qvczdragesimalibus
1534 2605 1640 2646 cibis

390 2688 589 2721 utantur.
1412 2678 1420 2687 ‘
