1779 3128
702 200 888 216 ···-·-“
1385 193 1474 246 281

99 315 392 368 cautionem
430 323 674 378 praestet.
751 311 896 360 Idem
936 310 1000 361 de
1031 311 1293 360 Altaristis
1329 311 1482 359 intel-

97 394 302 459 ligatur.
390 390 558 439 Nemo
606 394 670 439 sit
719 392 973 439 Beneficii
1027 407 1225 457 capax,
1265 394 1350 455 qvi
1386 381 1483 438 hu-

99 470 313 530 ius,'ac
364 469 794 538 praecedentium
847 470 1173 537 Synodorum
1215 469 1479 518 Constitu·

95 550 346 608 tionibus,
396 562 559 598 semet
611 549 1037 599 adcomodavisse
1087 562 1322 616 repertus
1376 566 1482 598 non

88 629 268 678 fuerit.
351 630 623 694 Deniqve,
673 630 841 678 nullus
891 630 1255 688 Beneficium,
1298 645 1480 693 qvam-

93 712 171 757 vis
209 709 460 776 simplex,
511 721 690 775 petere
742 726 800 758 ac
850 712 1130 775 impetrare
1169 704 1333 766 ausit,
1372 711 1481 756 sine

32 819 38 846 3
93 787 305 836 licentia
345 789 409 837 ab
452 788 728 838 Ordinario
767 789 994 839 obtenta.
1085 788 1353 835 Postremo
1390 787 1479 835 (ἰέ-

97 871 354 926 cernitur,
392 879 442 916 ut
479 880 779 934 praesentes
822 869 1246 925 constitutiones,
1296 866 1480 916 Archi-

96 946 371 1005 Diaconis,
423 964 518 1013 per
572 947 662 996 hos
713 946 1384 1006 Vice-Archi-Diaconis,
1424 964 1482 995 ac

97 1041 193 1091 per
231 1043 316 1075 eos
358 1026 635 1088 Parochis,
673 1030 807 1076 intra
837 1028 964 1078 duos
1002 1045 1205 1076 menses
1240 1045 1484 1081 commu-

98 1107 359 1153 nicentur.

630 1263 682 1333 ς.
757 1267 946 1317 CXIX.

361 1417 506 1493 Syn.
556 1417 745 1490 Zagr.
790 1436 849 1474 a.
895 1415 1214 1476 MDCXC.

226 1589 560 1640 Immediatus
584 1588 920 1641 Borkovichii
946 1592 996 1638 in
1022 1590 1338 1658 Episcopatu
1368 1610 1479 1641 suc·

96 1687 300 1729 cessor,
352 1674 509 1719 etiam
559 1673 611 1717 in
662 1668 1000 1720 convocanda
1050 1671 1259 1737 Synodo
1312 1675 1480 1721 imita-

93 1762 173 1799 tor
221 1762 347 1801 erat.
438 1751 695 1798 Nimirum
743 1748 1040 1798 Alexander
1085 1751 1292 1817 Ignatus
1341 1751 1477 1800 Baro

92 1829 390 1889 Mikulich,
443 1841 592 1897 patre
627 1828 963 1891 Alexandr0‚
1008 1830 1256 1896 praesidii
1303 1831 1480 1880 Ivani-

91 1908 292 1960 chensis
344 1909 662 1976 Capitaneo,
709 1909 794 1956 die
845 1923 922 1956 21.
970 1907 1288 1968 Februarii,
1342 1926 1481 1958 anno

100 1989 242 2048 1649.
280 1989 396 2038 huic
433 1987 630 2037 mundo
667 1999 831 2036 natus.
925 1988 1024 2053 Qvi
1073 2000 1350 2055 postqvam
1389 1990 1480 2038 Vi-

96 2085 260 2116 ennae
294 2067 706 2136 Philosophiam,
745 2080 795 2117 et
830 2068 1100 2118 Bononiae
1129 2067 1479 2136 Theologiam

93 2146 325 2206 audivit,
354 2146 518 2195 redux
541 2151 592 2196 in
616 2152 868 2215 patriam,
899 2164 927 2195 a
952 2146 1303 2196 Borkovichio
1329 2149 1477 2198 Pres-

91 2227 249 2293 byter
286 2226 546 2276 ordinatus
586 2244 723 2275 anno
769 2228 906 2287 1671.
956 2245 1078 2276 mox
1111 2227 1478 2294 Zagrabiensis

94 2306 383 2355 Canonicus
404 2343 417 2365 ,
455 2324 551 2356 nec
585 2307 743 2354 multo
770 2319 886 2373 post
921 2318 1158 2373 tempore
1188 2306 1477 2358 Cathedra-

93 2385 154 2432 lis
192 2385 630 2445 Archidiaconus,
668 2398 774 2434 tum
813 2387 1036 2445 Lector,
1074 2387 1298 2452 deniqve
1325 2388 1476 2437 Prae-

92 2467 290 2530 positus
339 2467 542 2525 Maior,
594 2479 645 2515 et
696 2484 818 2515 mox
866 2467 1069 2515 Electus
1123 2465 1478 2516 Tinniniensis

92 2543 412 2609 Episcopus,
461 2546 672 2595 tandem
712 2564 847 2595 anno
892 2547 1031 2601 1688.
1086 2547 1170 2595 die
1209 2563 1286 2607 25⁴
1326 2549 1477 2594 Ianu-

94 2626 225 2684 arii,
264 2625 497 2675 eiusdem
534 2627 796 2677 Ecclesiae
836 2626 1045 2675 Praesul
1082 2627 1269 2676 fiebat:
1307 2642 1475 2690 pauco

1248 2704 1403 2757 nihil-
