1779 3128
360 211 449 259 374
949 207 1133 240 Q

829 377 833 379 ,
884 315 934 387 5.
1003 321 1195 373 LXXI.

566 440 747 500 Ficta
787 441 1005 518 Synod.
1050 463 1150 500 an.
1194 443 1513 505 MCDLX.

489 588 568 641 Ne
621 588 748 655 qvid
797 607 890 657 per
933 593 1280 657 ignorantiam
1330 592 1536 642 silentio
1573 608 1725 661 prae-

358 673 653 719 termissum
717 679 927 737 putetur
960 707 975 729 ‚
1048 668 1401 718 adnotandum
1459 672 1725 722 existimo:

355 751 629 816 Scripsisse
680 748 894 797 Paulum
939 749 1128 797 Ember
1176 748 1477 814 Hungarum
1523 751 1724 800 Debre-

357 832 682 888 czinensem,
729 828 821 877 sub
870 830 1076 876 nomine
1127 830 1233 877 ficti
1285 828 1531 877 Frideritzi
1564 830 1727 879 Adol-

356 909 448 976 phi
485 909 683 975 Lampe
719 908 1029 956 nostratibus
1066 907 1278 956 eruditis
1317 919 1534 966 notum3
1582 922 1720 958 aeta-

352 1000 405 1037 te
444 988 600 1054 Regis
632 985 868 1035 Mathiae
900 984 1130 1046 Corvini,
1166 989 1277 1053 pios
1310 985 1639 1053 ingemuisse,
1667 1003 1726 1037 ac

356 1078 572 1132 qvestos
620 1068 890 1132 graviter,
943 1063 1217 1114 adversum
1272 1078 1535 1132 corruptos
1590 1066 1730 1115 Cleri

355 1145 638 1212 Hungarici
675 1159 860 1194 mores.
932 1145 1014 1194 Ad
1050 1144 1231 1193 horum
1266 1134 1484 1211 proinde
1521 1146 1727 1194 restitu-

355 1228 554 1274 ¹tionem
576 1262 591 1285 ‚
629 1242 658 1272 a
685 1223 1157 1291 LadislaoTsere‘p
1181 1219 1725 1275 Transilvaniensium

355 1301 642 1370 Episcopo,
681 1304 946 1371 Synodum
987 1303 1142 1351 fuisse
1188 1314 1323 1350 anno
1361 1299 1724 1354 MCCCCLX.

356 1382 688 1432 celebratam.
725 1383 787 1449 p)
864 1379 1027 1446 Atqvi
1062 1380 1128 1430 ad
1167 1382 1312 1430 illam
1348 1394 1569 1430 aetatem
1607 1401 1726 1449 per-

358 1464 490 1510 tinet
526 1460 850 1520 Matthaeus,
895 1461 982 1509 vel
1017 1458 1266 1510 Matthias
1315 1459 1377 1509 de
1417 1462 1467 1508 la
1512 1461 1725 1510 Baschi-

354 1555 458 1600 no,
494 1539 886 1588 Transilvaniae
919 1540 1157 1601 Praesu13
1195 1539 1283 1587 ille
1319 1543 1534 1603 inqvam
1573 1541 1726 1588 Prae-

352 1619 471 1678 sul,
508 1620 596 1683 qvi
632 1635 766 1666 anno
820 1629 957 1680 1459.
999 1619 1130 1666 solus
1180 1617 1414 1667 adhaesit
1456 1637 1481 1667 e
1521 1620 1727 1686 Praela-

355 1700 419 1747 tis
454 1697 751 1763 Hungariae
777 1734 791 1757 ‚
838 1698 1050 1746 factioni
1088 1698 1426 1745 saecularium
1448 1735 1463 1757 ‚
1502 1696 1727 1745 Frideri-

356 1794 417 1825 co
453 1777 794 1842 Imperatori,
833 1788 1011 1825 contra
1045 1775 1303 1824 Mathiam
1335 1774 1616 1823 Corvinum
1650 1776 1726 1823 fa-

356 1855 518 1904 venti.
555 1855 607 1919 r)
700 1854 882 1920 Neqve
930 1854 1171 1904 recordor
1206 1872 1336 1903 nunc
1373 1857 1424 1901 in
1460 1866 1724 1920 promptu,

560 1946 563 1949 ·
1523 1932 1656 1982 hanc

415 2036 469 2094 p)
499 2037 552 2081 In
582 2037 686 2082 hist.
714 2037 838 2081 Eccl.
865 2032 1157 2078 Reformatae
1188 2046 1273 2080 etc.
1307 2044 1435 2089 parte
1466 2040 1499 2080 Ι.
1533 2050 1636 2093 pag.
1655 2049 1724 2086 41.

465 2106 517 2163 q)
547 2106 768 2150 Mathiam
799 2115 936 2148 vocat
977 2101 1140 2146 Palma
1170 2100 1227 2145 ¹in
1255 2105 1367 2144 Hist.
1399 2105 1551 2160 Hung,
1581 2102 1633 2147 T.
1666 2106 1726 2148 ΙΙ.

462 2187 571 2231 pag.
604 2185 697 2223 281.
729 2174 838 2219 edit.
868 2186 906 2226 3.
942 2175 1045 2215 anni
1081 2182 1198 2227 1785.
1259 2169 1413 2212 Ceteri
1445 2182 1552 2211 mox
1585 2173 1728 2213 citan-

462 2242 545 2290 di,
575 2240 862 2284 Matthaeum
890 2242 1013 2295 Pray
1043 2241 1088 2281 in
1120 2253 1238 2293 spec.
1262 2239 1384 2280 Hier.
1410 2240 1560 2295 Hung.
1593 2250 1723 2293 parte

463 2309 522 2351 II.
564 2323 672 2365 pag.
713 2313 808 2359 268.
851 2318 985 2362 putat
1013 2321 1272 2364 cognomen
1303 2308 1355 2346 de
1386 2306 1590 2354 Baebia,
1621 2309 1726 2349 sub-

465 2376 748 2417 stituendum
778 2390 888 2421 esse,
934 2376 977 2432 r)
1008 2376 1128 2431 Lege
1159 2375 1437 2415 documenta
1467 2389 1522 2428 ap
1567 2375 1726 2429 steph.

464 2444 685 2496 Kaprinai
726 2444 772 2484 in
811 2444 959 2498 Hung,
1004 2442 1305 2496 diplomatica
1354 2451 1439 2484 etc.
1491 2452 1622 2496 parte
1663 2447 1722 2487 ΙΙ.

467 2523 570 2567 pag.
603 2523 696 2565 252.
727 2521 772 2552 et
800 2526 872 2565 ap.
904 2511 995 2553 BR.
1026 2508 1187 2552 Koller
1219 2510 1263 2550 in
1295 2509 1396 2550 hist.
1422 2510 1500 2563 Ep.
1528 2511 1726 2566 Qvinqv.

464 2578 520 2618 T.
553 2579 620 2621 IV.
652 2592 758 2635 pag.
789 2589 884 2632 254.
944 2580 1068 2634 Qvae
1094 2578 1371 2619 documenta
1396 2587 1500 2618 sunt
1524 2579 1579 2618 de
1603 2591 1723 2619 anno

471 2656 590 2700 1457.
623 2654 669 2686 et
702 2658 817 2699 1459.
876 2645 1079 2686 Proinde
1104 2646 1242 2686 series
1261 2646 1370 2698 Epp.
1393 2646 1617 2687 Transilv.
1649 2647 1727 2686 de-

473 2714 609 2756 ducta
639 2727 728 2769 per
751 2714 1001 2770 Georgium
1025 2713 1146 2769 Pray
1159 2708 1183 2763 ‚⁶
1206 2714 1473 2768 neutiqvam
1504 2714 1722 2757 subsistit.
