1779 3128
328 206 420 271 ¹72
927 218 1110 235 ·“····-·

323 327 664 395 Strigoniensi
700 339 864 378 semet
899 330 1240 379 conforment.
1327 331 1512 396 Neqve
1549 332 1733 399 indu-N

323 420 409 457 cat
446 404 722 457 plebanus'
746 408 907 468 festa,
945 422 1153 476 praeter
1186 411 1307 470 illa,
1361 428 1493 476 qvae
1533 412 1697 477 Syrio·
1729 426 1735 432 ·

325 487 418 536 dus
470 488 835 554 Strigoniensis
882 489 1115 538 decrevit
1149 490 1487 549 celebranda,
1541 492 1737 555 qvae-s

326 584 428 631 qve
462 564 676 630 seorsim
705 566 1075 618 describentur.
1145 569 1375 636 Qvisqve
1404 581 1578 619 tamen
1605 571 1699 619 Pa-

322 645 543 706 rochus,
580 649 789 713 insuper
826 647 1015 696 festum
1048 649 1283 709 Patroni,
1323 647 1569 715 diemque
1610 650 1699 699 de·
1753 708 1755 710 ,

325 723 599 774 dicationis
641 726 904 775 Ecclesiae
943 744 1063 775 suae
1108 727 1408 776 solemniter
1440 742 1575 795 agat.
1616 746 1696 786 40.

322 804 451 853 Dies
490 816 759 871 praeterea
795 822 989 854 coenae
1026 806 1261 865 Domini,
1285 807 1480 871 absqve
1517 809 1698 857 labore

323 884 532 943 servili,
568 901 683 933 cum
721 884 998 933 devotione
1040 886 1352 935 celebretur.
1426 902 1505 942 41.
1536 887 1698 952 Ὠνὶς-

323 983 429 1030 qve
482 962 772 1023 plebanus,
825 983 925 1013 uno
973 965 1183 1014 milliari
1231 969 1564 1031 germaniCO,
1614 967 1703 1016 vel
1746 1030 1753 1034 ι

321 1044 480 1111 paulo
518 1044 741 1109 amplius
782 1044 844 1092 ab
887 1044 1118 1093 Ecclesia
1156 1045 1448 1112 Collegiata
1486 1047 1700 1106 distans,
1759 1045 1761 1047 ’

323 1123 456 1171 feria
503 1120 734 1171 secunda
783 1126 1152 1189 rogationum,
1199 1143 1318 1175 cum
1367 1128 1700 1192 processione
1743 1126 1751 1132 ’

323 1200 391 1250 ad
425 1200 662 1250 eamdem
701 1201 989 1257 Ecclesiam
1025 1211 1323 1270 comparere
1351 1242 1364 1263 ,
1401 1217 1556 1268 atqve
1590 1205 1702 1255 hinc

321 1281 612 1330 Ecclesiam
660 1281 720 1330 Β.
769 1282 849 1330 Μ.
899 1282 1126 1348 Virginis
1173 1286 1228 1331 in
1274 1284 1519 1333 suburbio
1557 1283 1700 1332 adire

323 1371 564 1409 teneatur
595 1398 611 1420 ,
665 1361 759 1410 sub
810 1378 981 1428 poena
1029 1365 1179 1410 unius
1219 1380 1424 1412 marcae
1480 1367 1700 1429 argenti,

324 1451 374 1489 et
411 1442 761 1507 suspensionis
807 1459 901 1507 per
952 1460 1111 1491 unum
1147 1459 1378 1491 mensem
1401 1480 1415 1502 ,
1466 1446 1506 1490 si
1544 1444 1702 1490 fuerit

323 1520 540 1569 ruralis:
579 1521 629 1568 Si
665 1538 789 1568 vero
827 1521 981 1570 fuerit
1015 1526 1260 1587 Regalis,
1299 1523 1359 1584 n)
1401 1521 1493 1570 sub
1529 1538 1702 1587 poena

325 1598 541 1647 duarum
579 1616 872 1648 marcarum
911 1603 1023 1666 ipso
1060 1601 1198 1649 facto
1235 1601 1563 1649 incurrenda.
1619 1617 1699 1656 42.
1746 1611 1750 1618 '

322 1677 489 1727 Nemo
529 1676 818 1728 Canotiious
856 1682 1058 1728 intersit
1096 1679 1248 1741 choro
1286 1697 1387 1728 non
1430 1680 1698 1745 superpel-

321 1757 556 1807 liceatUS.
627 1772 708 1819 43.
747 1757 935 1807 Clerici
971 1759 1266 1808 beneficiati
1299 1777 1364 1808 ne
1394 1776 1488 1826 per
1522 1758 1702 1807 horam

322 1853 352 1885 a
401 1841 502 1886 suis
552 1839 828 1887 Beneficiis
876 1838 1057 1888 absint.
1149 1854 1238 1895 45„-
1280 1838 1410 1901 Cum
1450 1837 1704 1886 Canonici
1744 1833 1746 1837 ’

322 1917 688 1983 Scepusienses
736 1920 903 1966 iurare
954 1929 1225 1966 teneantur
1276 1917 1575 1983 Praeposito
1607 1934 1700 1965 suo

324 1995 633 2045 fidelitatem
682 2013 740 2044 ac
779 1995 1160 2057 obedientiam,
1213 1999 1286 2044 uti
1322 1999 1478 2044 etiam
1520 1996 1700 2045 Fleba-

319 2079 408 2135 ni,
450 2078 557 2123 eius
594 2074 933 2124 iurisdictioni
980 2076 1223 2124 obnoxii:
1280 2073 1533 2139 qvidnam
1572 2073 1699 2122 fide-

321 2155 440 2204 litas
487 2166 711 2224 poscat,
759 2166 811 2204 et
855 2153 1188 2215 obedientia,
1237 2170 1480 2222 praesens
1536 2170 1698 2214 canon

1547 2250 1630 2280 ex·-

378 2379 430 2435 n)
461 2382 572 2423 Erat
602 2378 955 2424 confraternitas
984 2379 1140 2423 XXIV.
1166 2378 1486 2420 Parochorum'
1518 2378 1564 2419 in
1595 2376 1697 2418 Sce-

432 2448 634 2501 pusiensi
666 2448 878 2490 districtu
910 2448 1127 2496 condita,
1157 2460 1277 2490 anno
1314 2457 1432 2498 1248.
1467 2460 1581 2500 qvae
1612 2446 1699 2486 Re·
1772 2457 1774 2460 ·

433 2515 554 2571 galis
588 2516 957 2570 compellabatur
989 2530 1073 2564 eo,
1115 2515 1238 2569 qvod
1278 2514 1482 2569 plurium
1512 2515 1697 2570 Hunga-

437 2584 532 2624 riae
573 2584 756 2640 Regum
797 2584 1336 2641 privilegiis'gauderet.
1412 2584 1487 2624 Uti
1534 2582 1694 2639 legere

436 2661 569 2705 potes
609 2653 656 2695 in
685 2654 798 2697 meis
838 2652 1063 2696 Amoenit.
1104 2652 1273 2696 Fascio.
1322 2652 1394 2694 VI.
1438 2652 1569 2693 Num.
1617 2651 1698 2697 ΙΙΙ.

435 2718 548 2782 5-2·
611 2738 614 2742 ·
