1779 3128
697 230 881 260 ΞΕ
1384 216 1474 276 ι63

99 347 260 409 pitulo
297 344 554 391 Ecclesiae
589 354 792 390 nostrae
835 344 1220 408 Strzgoniensis,
1259 341 1472 399 salubri,

102 437 154 473 et
187 434 388 472 matura
432 425 788 471 deliberatione
839 427 1145 483 indiximus,
1203 434 1252 470 et
1303 434 1475 470 tenore

94 508 432 568 praesentium
468 506 730 552 indicimus
752 536 768 560 ‚
799 508 1177 569 promulgantes
1218 504 1268 551 S.
1308 504 1470 567 Syno-

100 587 263 633 dalem
312 587 779 649 congregationem,
831 603 960 631 anno
1008 589 1056 631 in
1084 587 1372 646 praesenti,
1423 587 1474 631 in

99 668 211 728 ipsa
245 667 480 712 Ecclesia
519 674 695 710 nostra
734 663 1096 726 Strzjgoniensi,
1135 667 1213 709 die
1235 666 1377 725 festi
1407 666 1472 712 B.

100 747 375 795 Adalberti
406 741 673 808 Martyris
691 779 707 803 ,
758 746 988 790 videlicet
1021 746 1256 806 vigesimo
1297 753 1476 806 quarto

100 828 182 872 die
217 827 396 871 mensis
431 826 654 886 Aprilis,
688 826 915 885 proxime
949 840 1078 870 nunc
1109 832 1348 881 venturo,
1385 841 1476 869 an-

102 915 282 953 nuente
332 905 587 963 Domino,
629 921 719 965 per
766 920 856 950 nos
901 903 1279 960 celebrandam,
1321 911 1478 963 prout

87 986 303 1049 foribus
336 986 596 1032 Ecclesiae
631 993 862 1041 nostrae,
895 1000 952 1029 ne
1003 985 1269 1045 quempiam
1315 984 1481 1028 latere

100 1067 298 1126 possit,
335 1065 556 1125 fecimus
601 1063 856 1127 affigendo
899 1063 1164 1122 publicari.
1241 1063 1343 1108 Vos
1377 1064 1478 1107 ita-

102 1160 191 1205 qve
223 1144 356 1191 DD.
391 1145 754 1202 Praepositos,
792 1150 843 1188 et
875 1142 1148 1188 Plebanum
1199 1156 1351 1200 supra
1400 1144 1478 1187 di-

95 1233 214 1269 ‘ctos
249 1225 574 1285 requirimus,
614 1232 663 1268 et
695 1226 985 1279 hortamur,
1025 1230 1073 1266 et
1097 1237 1184 1281 per
1208 1223 1330 1266 llaec
1349 1224 1477 1266 scri-

95 1311 189 1364 pta
222 1318 507 1359 monemus,
560 1311 609 1347 et
645 1302 964 1365 nihilominus
1010 1303 1060 1347 in
1109 1303 1297 1346 virtute
1339 1303 1478 1346 salu-

101 1383 232 1427 taris
280 1382 587 1427 obedientiae
613 1416 629 1439 ,
700 1390 750 1427 et
801 1382 893 1427 sub
946 1383 1478 1427 excommunicationis

95 1466 290 1521 poena,
328 1477 389 1506 ac
423 1463 644 1507 censuris
669 1469 719 1506 et
752 1461 982 1518 mulctis,
1023 1462 1072 1505 in
1102 1458 1306 1523 Synodo
1347 1462 1479 1506 alias

103 1540 282 1585 ibidem
333 1541 584 1586 celebrata
631 1543 679 1586 in
729 1541 961 1586 absentes
988 1573 1003 1596 ,
1058 1548 1108 1584 et
1160 1549 1479 1585 contumaces

102 1620 350 1682 infringi,
388 1629 437 1665 et
466 1620 784 1683 promulgari
815 1621 1092 1677 consuetis,
1131 1619 1270 1665 vobis
1303 1621 1479 1665 distri·

99 1707 182 1744 cte
227 1690 523 1762 iniungendo
569 1701 862 1747 mandamus
891 1734 907 1758 ,
959 1708 1200 1762 qvatenus
1250 1701 1322 1744 ad
1361 1716 1478 1745 ean-

100 1777 210 1822 dem
247 1777 484 1824 Sanctam
519 1777 774 1841 Synodum
804 1794 1110 1840 properare,
1161 1787 1212 1825 et
1245 1780 1295 1825 in
1327 1795 1475 1839 prae-

87 1857 214 1919 fato
237 1858 413 1918 festo,
463 1859 673 1904 ac-aliis
708 1859 879 1904 diebus
917 1860 1199 1905 immediate
1232 1861 1477 1920 sequenti-

101 1937 228 1993 bus,
266 1938 339 1982 ad
367 1938 426 1982 id
455 1940 621 1997 aptis,
657 1947 707 1983 et
739 1937 1142 1999 sufficientibus,
1194 1955 1331 2000 qvem
1377 1939 1479 1999 qvi-

101 2017 209 2061 dem
244 2018 506 2062 terminum
544 2018 683 2062 vobis
712 2034 806 2078 pro
837 2019 999 2078 primo
1020 2051 1036 2076 ,
1070 2019 1319 2075 secundo,
1372 2027 1476 2062 ter-

101 2097 174 2141 tio
195 2127 209 2149 ,
247 2104 296 2141 et
326 2099 660 2157 peremptorio
699 2099 941 2155 termino,
979 2099 1338 2159 monitioneqve
1379 2099 1474 2143 Ca-

103 2178 312 2233 noniea,
354 2184 405 2221 et
438 2176 530 2221 sub
567 2177 718 2221 dictis
758 2178 1011 2233 censuris,
1047 2173 1117 2223 et'
1126 2177 1301 2236 poenis
1330 2193 1476 2237 prae-

87 2252 329 2315 figimus,
367 2264 416 2300 et
452 2258 800 2319 assignamus,
839 2271 958 2318 qvas
980 2271 1249 2313 censuras,
1288 2265 1338 2301 et
1360 2273 1477 2318 poe·

105 2349 229 2387 nas,
266 2336 367 2380 nisi
394 2352 452 2380 ea
478 2336 750 2396 feceritis,
800 2351 920 2396 qvae
955 2335 1094 2380 vobis
1122 2325 1474 2396 praesentibus

103 2414 421 2471 mandamus,
446 2417 667 2475 ferimus
700 2417 750 2461 in
785 2430 873 2460 vos
907 2415 957 2460 in
992 2416 1070 2460 his
1094 2417 1328 2474 scriptis,
1366 2432 1473 2461 eas-

103 2507 191 2551 qve
226 2493 474 2539 incurrere
520 2496 744 2540 volumus
779 2497 884 2554 ipso
907 2495 1062 2555 facto
1083 2528 1099 2550 ‚
1150 2496 1479 2541 celebrationi

105 2570 321 2617 eiusdem
357 2570 570 2619 Sanctae
605 2574 802 2637 §synodi
827 2576 1158 2634 personaliter
1208 2577 1469 2627 interesse,

103 2657 155 2693 et
183 2651 402 2709 propriis
447 2653 495 2697 in
538 2656 764 2713 personis
799 2654 885 2699 vos
915 2662 1237 2714 praesentare
1272 2655 1472 2699 studea-

664 2724 676 2747 ἰ
721 2730 766 2777 L
806 2746 831 2778 2
1315 2734 1403 2789 tis,
