1779 3128
722 202 905 230 :z
1404 203 1494 250 197

130 334 246 367 cum
280 310 404 362 mihi
441 327 544 359 non
580 310 733 360 liceat
770 313 1026 376 inspicere
1049 350 1064 372 ,
1099 311 1210 363 illas
1247 309 1329 358 hic
1368 307 1497 357 dun·

128 405 265 444 taxat
306 391 704 441 Constitutiones
742 391 1022 443 recensebo
1052 429 1068 450 ,
1118 408 1246 455 qvae
1297 393 1495 456 integre

126 474 228 540 legi
266 482 479 539 possunt
519 469 659 538 apud
697 470 1035 529 Pe'terffium,
1092 482 1142 519 et
1180 487 1296 518 cum
1337 469 1496 517 Nitri-

124 551 330 601 ensibus
369 551 680 617 plerumqve
719 551 1054 599 concordant.
1132 565 1173 598 1.
1213 548 1496 606 Videlicet,

122 633 407 698 praemisso
461 630 708 697 singulari
761 630 1036 696 proloqvio
1067 666 1082 687 ,
1132 629 1364 694 pauculis
1419 646 1501 676 ca-

125 722 270 759 rente
316 711 466 759 lineis
495 713 518 772 ,'
567 727 625 759 ac
675 708 979 758 desideratis
1032 720 1216 774 postea
1266 709 1500 774 pluribus

125 791 295 850 foliis,
342 791 529 858 legitur
566 790 877 839 Constitutio
927 786 1242 845 decernens,
1291 791 1502 852 qvinam

122 889 189 921 ex
224 870 610 937 Capitularibus
647 869 780 920 festo
818 867 1057 935 Corporis
1098 867 1326 926 Christi,
1365 879 1414 916 et
1452 871 1503 916 in

128 953 238 998 eius
274 961 496 1010 octava,
547 949 724 997 velum
761 948 1112 997 Eucharistiae
1151 947 1372 996 debeant
1408 965 1503 1014 per

129 1031 374 1077 stationes
423 1028 599 1088 ferre3
654 1031 897 1077 nimirum
934 1028 996 1076 ab
1036 1028 1269 1077 Ecclesia
1318 1027 1504 1076 Cathe-

129 1107 292 1167 drali,
330 1125 492 1173 usqve
526 1106 592 1155 ad
627 1107 913 1157 Ecclesiam
943 1107 1301 1156 Parochialem
1339 1108 1386 1157 S.
1424 1108 1504 1156 Io-

92 1190 274 1243 ‚annis
320 1187 605 1253 Baptistae.
715 1188 850 1236 Hinc
900 1186 966 1236 ad
1014 1187 1299 1236 Ecclesiam
1348 1187 1505 1236 Paro·

128 1266 351 1317 chialem
403 1267 451 1315 S.
502 1265 725 1316 Nicolai.
797 1268 966 1332 Qvive
1004 1266 1122 1315 hinc
1162 1284 1348 1315 munus
1385 1284 1506 1315 con-

127 1349 362 1405 tinuare,
400 1346 490 1394 sub
527 1362 695 1412 poena
732 1349 880 1394 unius
917 1363 1121 1395 marcae
1146 1384 1159 1404 ,
1210 1358 1504 1397 teneantur.

130 1442 178 1472 2.
227 1425 592 1490 Cuiuscunqve
647 1424 910 1491 dignitatis
965 1442 1022 1475 ac
1059 1427 1221 1474 officii
1256 1426 1504 1475 Sacerdo-

133 1516 209 1554 tes
258 1504 604 1565 Dioecesani,
654 1522 750 1571 per
796 1522 1028 1553 mensem
1079 1506 1301 1554 debeant
1346 1523 1504 1554 unam

133 1584 305 1633 dicere
342 1587 589 1644 missam,
634 1602 730 1652 pro
765 1585 902 1633 bono
938 1586 1258 1646 universali,
1306 1604 1502 1653 proqve

134 1663 331 1722 salute,
380 1680 438 1713 ac
491 1664 633 1713 felici
680 1665 823 1713 Statu
872 1666 1054 1714 Sacrae
1094 1665 1291 1732 Regiae
1333 1667 1505 1715 Maie-

133 1745 310 1800 statis,
359 1759 419 1790 ao
466 1741 818 1792 subditorum:
866 1742 919 1793 ‘et
970 1761 1123 1792 unam
1170 1762 1261 1811 pro
1300 1749 1508 1795 nniver-

135 1822 228 1870 sali
265 1839 431 1887 pace,
478 1825 859 1887 concordiaqve
908 1824 1206 1890 PrInc'ipum
1258 1824 1507 1874 Christia-

134 1917 350 1962 norum3
403 1904 529 1949 item
572 1919 667 1968 pro
719 1903 1030 1952 exaltatione
1083 1903 1206 1952 fidei
1259 1902 1507 1953 Christia-

135 1996 265 2040 nae,
301 1997 359 2028 ac
398 1983 665 2032 eversione
711 1981 886 2030 Crucis
922 1982 1234 2031 Dominicae
1272 1986 1508 2038 inimico-

134 2076 268 2109 rum.
339 2061 386 2120 32
425 2060 609 2109 Nullus
647 2060 710 2109 de
740 2060 926 2121 ClerO,
971 2062 1165 2127 absqve
1205 2061 1508 2111 dimissoriis

135 2137 410 2206 Episcopi,
448 2152 535 2189 aut
569 2141 792 2202 Vicarii,
835 2140 1059 2190 Romam
1098 2142 1254 2190 vadat
1291 2160 1384 2208 pro
1433 2159 1510 2191 sa·

137 2235 223 2266 cra
267 2218 591 2268 ordinatione
618 2257 634 2278 ,
678 2221 770 2270 sub
821 2237 991 2287 poena
1044 2225 1394 2287 suspensionis
1444 2222 1510 2272 ab

139 2301 385 2346 exercitio
427 2299 702 2359 ordinum,
740 2300 914 2349 taliter
949 2312 1336 2367 susceptorum,
1373 2304 1516 2354 inca-

140 2379 363 2440 pacitate
401 2377 467 2426 ad
500 2379 863 2429 Ecclesiastica
890 2380 1180 2440 Beneficia,
1217 2392 1266 2429 et
1303 2399 1511 2430 excom-

138 2457 518 2518 municatione,
555 2459 727 2525 Papae
762 2472 1040 2512 reservata,
1114 2474 1159 2520 3.
1205 2459 1393 2509 Clerici
1433 2479 1515 2509 or·

141 2530 303 2582 dinati
340 2537 474 2595 iam,
512 2554 569 2586 ac
604 2539 819 2605 posthac
849 2538 1123 2597 ordinandi
1164 2552 1307 2589 extra
1335 2541 1512 2590 Eccle-

142 2613 272 2660 siam
320 2612 803 2694 Vesprimiensem,
852 2623 901 2669 in
954 2636 1014 2668 ea
1065 2637 1158 2689 per
1195 2619 1513 2691 qvindenam

1344 2718 1448 2749 sero
