1779 3128
354 151 452 192 220
953 151 1137 183 z

354 265 798 332 qveecclesiarum
848 263 1108 329 Antistes;
1161 269 1209 331 s)
1263 284 1321 317 ac
1358 269 1587 317 fortassis
1625 269 1727 318 iam

355 348 420 395 ad
462 362 653 393 annum
701 359 851 406 1559.
900 347 1067 396 Aulae
1113 348 1306 413 Regiae
1347 347 1746 409 Cancellarius3-

353 427 402 488 t)
440 437 550 475 tum
587 442 720 475 anno
763 427 903 486 1562.
938 431 1146 476 nomine
1178 427 1486 475 Ferdinancli
1525 429 1563 476 I.
1599 427 1727 475 Cae·

355 508 481 553 saris
501 543 515 564 ‚
554 517 604 554 et
641 505 792 572 Regis
829 507 1126 573 Hungariae
1150 525 1323 556 coram
1350 508 1577 556 Patribus
1604 507 1729 555 Tri-

357 585 577 634 dentinis
615 597 803 634 orator.
841 587 901 648 u)
986 587 1122 635 Dein
1172 586 1235 635 ab
1277 604 1408 635 anno
1452 589 1591 647 1563.
1634 587 1731 636 Za-

353 665 706 731 grabiensium
744 667 1002 726 Antistes‚
1041 666 1102 729 v)
1143 666 1262 714 inde
1304 666 1367 713 ab
1405 682 1540 714 anno
1584 668 1726 728 1569.

353 744 489 794 Bani
526 745 792 805 Croatiae‚
832 746 1160 805 Sclavoniae,
1200 746 1598 810 Dalmatiaeqve
1636 746 1729 795 ho*

356 840 538 873 norem
563 825 708 872 simul
730 825 974 891 gerebat3
1012 825 1070 886 x)
1110 828 1399 873 nominatus
1426 842 1560 872 anno
1589 839 1730 885 1572.

355 903 786 970 Archiepissopus
837 904 1167 963 Colocensis‚
1215 915 1429 970 propter
1481 903 1730 952 Colocam

358 1000 387 1031 a
423 982 611 1031 Turcis
666 1001 985 1050 possessam,
1037 984 1430 1049 Zagrabiensem
1482 983 1631 1031 simul
1666 983 1732 1043 E-

355 1066 678 1130 piscopatum
718 1064 987 1112 retinebat.
1018 1063 1086 1128 y)
1163 1062 1362 1111 Relicta
1397 1063 1604 1110 demum
1642 1078 1731 1111 an-

357 1160 425 1191 no
469 1151 608 1203 1578.
646 1143 920 1210 Zagrabia,
956 1144 1218 1191 laurinum
1253 1144 1472 1201 transiit,
1510 1159 1605 1208 pro
1647 1159 1730 1190 cu-

359 1225 435 1271 ius
486 1221 743 1271 Cathedra
791 1222 870 1272 die
921 1239 998 1283 25.
1046 1223 1236 1289 Aprilis
1290 1224 1456 1270 fuerat
1503 1225 1732 1270 nomina·

360 1312 470 1363 tus;
507 1303 564 1365 z)
617 1292 819 1351 retento
867 1319 1072 1369 semper
1111 1301 1594 1369 Archiepiscopatus
1635 1300 1731 1373 Co-

1593 1379 1668 1428 lo-

416 1566 466 1621 s)
498 1569 578 1619 Ap.
610 1568 732 1622 Pray
762 1567 839 1610 cit.
883 1581 957 1621 op.
989 1576 1121 1620 parte
1151 1567 1185 1609 I.
1216 1580 1319 1622 pag.
1351 1578 1445 1619 254·
1520 1561 1561 1617 t)
1592 1557 1732 1607 Dubi'-

470 1644 625 1678 tanter
667 1637 778 1680 dixi.
851 1635 983 1677 Licet
1021 1649 1214 1689 namqve
1254 1635 1300 1675 in
1340 1633 1467 1675 Serie
1511 1630 1729 1676 Chronol.

471 1704 866 1747 Cancellariorum
906 1705 1146 1758 Prayana,
1188 1703 1247 1747 ad
1287 1716 1391 1746 ann.
1444 1711 1562 1755 1580.
1605 1700 1726 1740 inter

471 1773 788 1817 Cancellarios
816 1782 1111 1814 numeretur:
1145 1781 1349 1813 attamen
1380 1771 1425 1810 in
1457 1768 1619 1808 Literis
1650 1772 1730 1808 Ar·-

470 1841 666 1882 malibus
698 1841 1018 1894 Christophori
1049 1844 1377 1893 Armpruster,
1408 1850 1545 1890 penes
1574 1840 1727 1880 Carne-

471 1923 569 1950 ram
600 1909 652 1952 R.
682 1910 831 1965 Hung.
879 1919 1189 1962 proventuum
1229 1906 1523 1959 Perceptoris
1546 1933 1559 1952 ,
1591 1904 1729 1945 editis

471 1991 544 2020 an.
581 1990 700 2031 1559.
732 1976 889 2017 taliter
919 1976 1093 2033 legitur
1123 1977 1342 2033 signatus.
1400 1972 1538 2013 Velut
1566 1972 1612 2012 in
1647 1975 1730 2016 Co-

470 2045 546 2098 pia
578 2059 756 2087 mecum
791 2045 1156 2092 communicata,
1188 2043 1311 2084 hisce
1343 2040 1488 2082 oculis
1520 2040 1631 2096 legi.
1675 2040 1732 2090 u)

472 2113 669 2170 Legitur
708 2127 812 2167 pars
854 2113 1096 2154 literarum
1149 2108 1574 2151 Credentionalium
1621 2107 1732 2148 Pra-

471 2195 558 2239 gae
595 2197 629 2224 1.
671 2185 850 2225 Ianuar.
885 2184 1005 2235 1562.
1049 2180 1212 2220 editar.
1243 2191 1314 2229 ap.
1346 2174 1554 2228 Peterffy
1585 2175 1638 2217 T.
1670 2175 1733 2218 11.

472 2263 578 2306 pag.
625 2261 716 2302 134.
788 2250 841 2290 In
881 2249 1041 2303 qvibus
1084 2260 1184 2288 cum
1226 2245 1405 2286 nonnisi
1444 2245 1737 2283 Consiliarius

476 2317 822 2370 compelletur,
862 2326 996 2357 antea
1038 2316 1164 2358 dicta
1206 2313 1362 2354 nescio
1412 2311 1606 2354 salvare.
1681 2312 1736 2363 v)

473 2384 598 2439 Pray
630 2385 706 2429 cit.
738 2398 811 2437 op.
845 2393 974 2437 parte
1005 2384 1060 2426 ΙΙ.
1094 2395 1196 2438 pag.
1224 2391 1319 2433 358.
1377 2381 1428 2434 x)
1462 2382 1582 2434 Pray
1614 2379 1727 2420 ibid.

480 2461 529 2492 et
560 2466 630 2505 ap.
663 2451 915 2495 Kovachics
955 2453 1074 2492 inter
1104 2449 1364 2502 Scriptores
1404 2449 1607 2489 minores
1639 2459 1730 2490 rer.

475 2521 724 2575 Hungaric.
765 2522 920 2562 Tomo
959 2521 1013 2563 ΙΙ.
1047 2531 1151 2573 pag.
1184 2530 1277 2569 224.
1346 2515 1397 2571 γ)
1429 2517 1522 2560 RR.
1552 2521 1733 2559 Katona

478 2590 556 2633 cit.
596 2601 668 2642 op.
712 2598 758 2629 et
796 2597 965 2642 parte,
1009 2600 1112 2642 pag.
1156 2593 1222 2637 48.
1294 2586 1339 2638 z)
1382 2587 1503 2640 Pray
1547 2584 1623 2625 cit.
1656 2596 1731 2636 op.

476 2665 609 2715 parte
641 2657 675 2699 1.
708 2670 814 2715 pag.
844 2660 942 2710 326.
973 2664 1019 2698 et
1047 2663 1180 2710 parte
1211 2655 1270 2700 ΙΙ.
1301 2668 1405 2712 pag.
1436 2667 1535 2709 359.
