1779 3128
307 209 397 264 168
883 192 1071 235 -‘-...-

301 333 401 381 niri
437 337 626 396 posset.
701 339 747 390 9.
788 324 1033 378 Sacerdos
1071 328 1446 379 Eucharistiam
1485 328 1551 378 ad
1587 317 1684 379 aeh.

302 427 451 476 grum
504 409 712 466 ferens,
761 420 968 457 moneat
1005 410 1223 469 fideles,
1279 423 1333 460 ut
1371 411 1673 459 comitivam
1722 399 1723 402 Ἰ

302 498 602 555 praestent,
641 484 917 536 duodecim
955 487 1154 537 dierum
1201 488 1546 557 Indulgentias
1584 489 1673 538 ob·
1737 540 1739 542 ,

303 569 520 616 tenturi.
597 582 668 616 10.
708 565 917 615 Hostiae
955 585 1049 634 pro
1097 572 1262 635 aegris
1315 580 1674 628 conservatae,
1743 583 1750 626 g

302 646 435 693 ultra
471 662 700 694 mensem
739 663 804 694 ne
839 645 1138 713 perdurent.
1229 647 1532 714 Corporalia
1572 650 1676 696 sin·

303 726 437 791 gulis
476 737 697 789 qvatuor
732 726 1082 793 temporibus,
1117 744 1210 793 per
1235 727 1559 786 Sacerdotes,
1587 727 1675 775 vel
1716 772 1729 782 ,

305 804 569 852 Diaconos
618 804 872 854 laventur,
968 821 1041 856 11.
1092 806 1349 854 Plebanus
1408 797 1722 854 Ecclesiae¹

305 880 377 932 E,
414 884 492 932 M.
538 883 597 932 V.
649 887 700 932 in
750 884 1039 944 suburbio,
1105 884 1238 933 festo
1287 883 1677 951 Theophoriae,

304 963 939 1012 sanctissimum‘deducat
991 963 1057 1011 ad
1095 964 1380 1012 Ecclesiam
1419 963 1680 1029 Collegia-

306 1053 444 1102 tam3
484 1057 542 1088 ac
579 1041 698 1089 inde
733 1054 980 1106 seqvutus
1017 1046 1400 1109 processionem
1439 1060 1533 1110 per
1569 1043 1680 1091 Sta-

308 1125 474 1169 tiones
514 1119 840 1186 designatas,
879 1121 1084 1170 demum
1122 1134 1431 1172 revertatur.
1509 1138 1582 1171 12.
1622 1122 1683 1170 In

306 1199 691 1249 parochialibus
723 1192 1013 1268 Ecclesiis,
1034 1201 1118 1249 ubi
1149 1213 1527 1250 consveverunt
1555 1219 1683 1267 qvo·

306 1282 435 1328 tidie
482 1278 749 1327 decantari
797 1281 993 1328 Missae
1041 1283 1360 1339 matutinae,
1407 1298 1682 1347 vesperae,

312 1372 470 1424 atqve
511 1359 936 1425 completorium:
985 1358 1118 1407 infra
1156 1371 1393 1410 octavam
1433 1359 1680 1426 Corporis

310 1438 537 1497 Christi,
586 1441 637 1486 in
689 1437 873 1487 iisdem
923 1439 1155 1503 reliqvae
1206 1442 1360 1487 etiam
1398 1439 1554 1488 horae
1593 1437 1685 1486 de-

0 1452 268 1574 'w'
310 1529 624 1577 cantentur,
675 1529 828 1582 atqve
879 1518 1075 1568 Urbani
1129 1518 1215 1567 IV.
1267 1514 1686 1584 Pontificislillis

12 1601 637 1711 Wproiiiissae,
690 1600 773 1660 qvi
827 1596 903 1645 his
940 1600 1224 1657 intersunt,
1268 1597 1682 1664 piomulge'ntur.
1753 1664 1764 1672 ,

312 1681 393 1742 m)
486 1692 558 1736 13.
607 1678 663 1724 In
702 1688 889 1741 qvarto
926 1680 1276 1743 cognationis,
1331 1688 1379 1725 et
1416 1677 1685 1724 affinitatis

311 1757 517 1825 gradu3
581 1760 705 1810 item
759 1773 874 1804 cum
934 1756 1310 1823 impedimento
1363 1758 1686 1821 cognationis

312 1837 623 1905 spiritualis,
660 1836 746 1882 vel
780 1836 992 1900 legalis,
1030 1853 1134 1883 non
1170 1836 1503 1901 comprobata
1542 1837 1683 1897 igno-

314 1921 481 1964 rantia
519 1918 902 1964 matrimonium
943 1915 1305 1963 contrahentes
1330 1951 1344 1973 ,
1396 1916 1508 1978 ipso
1547 1913 1687 1962 facto

316 1997 780 2053 excommunicati,
829 1996 1042 2060 triginta
1091 1997 1298 2059 insuper
1343 1992 1498 2040 libras
1537 2008 1687 2040 cerae

314 2093 410 2145 pro
470 2075 702 2123 Ecclesia
757 2077 892 2121 intra
950 2089 1179 2120 mensem
1232 2071 1421 2119 offerre
1476 2072 1687 2121 debent.

322 2172 396 2212 14.
434 2155 688 2203 Plebanus
737 2171 800 2201 ex
847 2153 1068 2201 ambone
1120 2153 1301 2200 doceat
1348 2150 1688 2199 contrahendi

315 2237 636 2283 matrimonii
675 2233 912 2281 formam.
991 2246 1066 2291 15.
1105 2229 1309 2279 Triduo
1343 2241 1491 2288 ante,
1530 2246 1688 2294 qvam

318 2313 649 2362 contrahatur
697 2314 1124 2368 matrimonium,
1174 2327 1235 2358 ex
1282 2311 1504 2358 ambone
1558 2309 1690 2358 illud

320 2395 619 2443 annunciari
655 2392 831 2442 debet.
924 2392 998 2441 16.
1036 2390 1295 2457 Copulans
1350 2389 1690 2451 clandestine,

1524 2486 1619 2535 per

377 2591 444 2646 m)
476 2591 665 2647 Legitur
702 2589 876 2634 Urbani
916 2589 1070 2643 Papae
1112 2587 1382 2629 constitutio
1424 2587 1542 2629 inter
1588 2584 1690 2630 Cleo

433 2661 660 2702 mentinas
701 2660 772 2700 tie.
813 2658 928 2706 XVI.
974 2657 1031 2699 de
1072 2657 1238 2711 reliqv.
1286 2665 1333 2698 et
1367 2663 1572 2701 venerat,
1614 2652 1685 2698 SS.

433 2741 533 2783 cap.
561 2727 714 2769 unico.
1652 2734 1654 2737 ⁴
