1779 3128
692 113 877 141 m
1367 117 1460 166 209

96 234 148 280 T
142 233 363 280 [maniae
410 231 676 290 proposita
707 264 724 287 ,
788 247 848 275 ac
911 231 1149 276 breviter
1189 230 1461 291 explicata.

27 366 31 373 ,
91 310 403 374 MDAEX.
493 306 560 354 Ut
610 306 829 374 proinde
867 306 993 356 haec
1044 306 1316 375 SynoduS,
1357 325 1467 356 non

94 407 155 439 eo
193 389 300 435 fine>
328 398 612 436 convocata
651 388 806 434 fuerit
840 423 854 446 ,
908 399 962 435 ut
998 388 1069 436 ibi
1108 388 1470 437 dec-iderentur

92 471 262 537 capita
300 466 421 516 fidei
461 483 517 515 ac
556 467 893 534 disciplinae,
931 484 1050 516 mox
1092 484 1120 516 a
1171 486 1255 516 me
1291 485 1470 517 recen·

89 547 283 622 sendal:
318 564 502 598 verum
524 586 538 606 ,
578 559 631 595 ut
671 558 812 594 extra
848 545 977 595 hanc
1008 546 1273 596 elaborata
1306 552 1470 616 prius,

91 640 247 692 atqve
286 630 389 675 iam
437 627 675 676 conclusa
726 626 944 685 libello,
995 628 1470 694 promulgarentur,

90 706 601 771 dilucidarenturqve
642 705 704 755 ab
733 703 1192 765 Archi-praesule,
1228 724 1321 774 per
1351 725 1471 756 cun·

91 799 199 837 ctos
255 787 595 837 observanda.
703 784 857 852 Qvod
906 787 1215 835 confirmare
1270 786 1476 838 videtur

88 870 189 916 ista
228 867 488 916 conclusio
537 865 794 915 eiusdem:
841 871 1140 926 Postremo,
1188 872 1281 915 hoc
1316 873 1468 915 etiam

91 951 318 996 omnibus
354 959 523 995 notum
553 965 658 994 esse
691 950 952 996 volumus.-
995 952 1148 1014 Qvod
1179 952 1342 995 omnia
1378 952 1470 996 illa

93 1046 274 1091 qvoqve
311 1027 549 1081 statuta,
589 1046 648 1074 ac
690 1031 1083 1074 constitutiones
1112 1031 1469 1076 Praedecesso-

87 1126 197 1155 rum
238 1118 557 1163 nostrorum,
598 1107 728 1154 DD.
765 1111 1332 1169 Archi-Episcoporum,
1354 1113 1468 1171 piae

91 1190 384 1250 memoriae,
428 1189 486 1231 de
521 1188 694 1247 quibus
730 1190 778 1233 [n
827 1190 920 1234 hoc
965 1189 1130 1234 libello
1169 1191 1353 1234 nullam
1381 1191 1469 1251 fe-

89 1271 247 1315 cimus
283 1269 610 1323 mentionem,
659 1269 707 1312 in
754 1284 845 1313 suo
894 1270 1064 1331 vigore
1108 1280 1472 1328 permaneant:

90 1365 238 1412 eaque
273 1348 336 1392 ab
376 1348 600 1392 omnibus
635 1349 978 1394 iurisdictiom·
1009 1358 1214 1394 nostrae
1246 1350 1469 1396 subditis

93 1429 354 1475 observari
383 1429 694 1473 mandamus.

569 1552 619 1624 §.
691 1556 987 1608 LXXXVI.

419 1678 582 1740 Eius
628 1678 910 1736 doctrina
953 1680 1140 1755 dogm.
1186 1697 1190 1700 “

228 1825 512 1875 Doctrinae
572 1831 625 1876 in
682 1827 772 1875 illa
823 1827 1033 1894 Synodo
1092 1826 1477 1895 promulgatae,

92 1903 171 1954 hic
213 1918 286 1955 est
323 1919 656 1974 conspectus:
711 1907 879 1975 Caput
933 1923 972 1957 1.
1027 1918 1212 1956 tractat
1267 1906 1330 1955 de
1371 1905 1476 1955 fide

93 1988 147 2035 in
185 2004 395 2053 genere.
469 2004 514 2036 2.
555 1987 636 2035 De
676 1988 1015 2036 Sacramentis
1052 1990 1105 2035 in
1147 2004 1356 2054 genere.
1426 2001 1476 2046 3.

95 2066 177 2114 De
217 2068 468 2136 Baptismi
519 2067 872 2119 sacramento.
960 2084 1007 2124 4.
1056 2067 1136 2115 De
1187 2067 1478 2114 Confirma-

94 2149 251 2196 tione.
322 2162 371 2207 5.
410 2147 490 2194 De
526 2147 862 2198 Eucharistia.
934 2150 979 2195 6.
1019 2147 1100 2194 De
1131 2147 1476 2194 poenitentia.

96 2238 144 2285 7.
197 2227 276 2274 De
317 2227 529 2275 Ordine.
622 2234 668 2281 8.
723 2227 804 2275 De
859 2228 1218 2275 Matrimonio.
1312 2241 1358 2288 9.
1393 2226 1478 2273 De

102 2304 343 2353 Extrema
380 2311 641 2356 unctione.
718 2323 791 2355 lo.
832 2307 913 2355 De
947 2308 1112 2373 prima
1140 2342 1155 2364 ,
1210 2317 1262 2356 et
1297 2322 1480 2354 secun·

98 2383 165 2431 da
200 2387 570 2436 iustificatione.
636 2403 709 2437 11.
747 2388 828 2435 De
869 2387 970 2434 fide
1007 2387 1335 2436 iustificante.
1402 2401 1477 2434 12.

100 2464 183 2511 De
235 2464 380 2512 bonis
432 2466 709 2534 operibus,
769 2483 1048 2530 eorumqve
1103 2469 1308 2515 meritc.
1402 2479 1477 2522 13.

101 2543 185 2597 De
224 2543 474 2595 Ecclesia.
551 2563 623 2604 14,
670 2548 750 2595 De
784 2545 1177 2608 traditionibus,
1215 2557 1265 2594 et
1302 2561 1479 2592 earum

760 2626 803 2674 Ο
1268 2635 1408 2672 auto-
