1811 3128
275 196 362 245 “ao
887 204 1068 222 ··-······

298 317 495 367 liberae
544 310 865 382 dispositioni
912 318 1259 368 subiacebunt.
1312 319 1364 382 c)
1423 322 1537 380 Cap,
1582 330 1656 374 14.

296 397 640 463 Dissipatores
667 413 838 446 rerum
867 397 1148 458 Ecclesiae,
1172 401 1252 447 cui
1274 410 1537 464 praesunt,
1565 392 1677 447 du?

295 477 442 543 plum
465 476 773 539 refandant3
801 480 842 525 si
866 480 1213 541 neqviverint,
1236 476 1577 543 deponantur,
1595 493 1654 525 ac

299 553 522 620 depositi
577 567 821 605 maneant
878 555 944 604 ad
997 555 1411 604 emendationem
1471 572 1657 620 usqve.

301 639 419 697 Cap.
462 648 536 693 15.
562 635 887 702 Episcopus,
925 647 1012 684 aut
1040 635 1311 701 Presbyter
1348 638 1399 682 in
1432 636 1659 700 propriis

293 711 453 774 locis,
499 713 759 763 Ecclesiae
804 732 979 763 servos
1029 731 1091 765 ne
1139 724 1327 763 teneat.
1387 711 1448 774 d)
1542 718 1658 775 Cap.

299 792 376 841 16.
446 784 668 858 Quaevis
714 793 944 842 Ecclesia
994 796 1219 841 vicinam
1259 791 1449 840 habeat
1502 792 1658 839 Paro-

296 868 494 920 chiam,
564 877 678 936 Cap.
732 883 810 929 17.
857 872 1119 930 Ecclesia,
1169 887 1272 919 non
1317 873 1413 919 nisi
1448 870 1661 919 obtenta

294 951 437 1016 prius
473 949 623 1008 dote,
671 966 730 998 ac
777 961 944 1009 terra,
995 960 1376 1002 consecretur.v
1425 955 1541 1012 Cap.
1584 956 1658 1003 18.

293 1025 479 1077 Nullus
517 1029 781 1077 ordinetur
818 1029 1012 1093 absqve
1049 1027 1227 1088 titulo;
1280 1045 1374 1076 nec
1411 1027 1661 1076 adnume-

293 1119 437 1155 retur
486 1106 665 1168 Clero,
718 1109 807 1172 qvi
855 1109 1079 1174 cuipiam
1126 1106 1385 1154 Ecclesiae
1432 1123 1535 1154 non
1586 1116 1663 1155 est

294 1184 601 1252 adscriptus,
634 1200 640 1203 “
677 1192 793 1251 Cap.
837 1185 1182 1248 19.,Clericus
1219 1203 1283 1233 ex
1309 1185 1477 1233 aliena
1503 1186 1664 1233 Dioe·

294 1251 436 1324 cesi,
470 1265 558 1313 vel
593 1267 898 1331 provincia,
937 1267 1045 1312 sine
1082 1263 1512 1312 commendatitiis
1546 1264 1662 1312 lite-

292 1347 363 1392 ris
400 1361 465 1392 ne
506 1346 805 1409 recipiatur.
880 1348 996 1405 Cap.
1052 1359 1129 1392 20.
1168 1343 1453 1409 Episcopus
1491 1344 1555 1390 ad
1589 1342 1663 1390 al·
1706 1390 1715 1402 x
1773 1342 1775 1354 ¹

219 1444 221 1449 ’
291 1433 463 1470 terum
510 1422 807 1475 Praesulem
857 1424 964 1469 sine
1017 1422 1179 1470 literis
1215 1422 1391 1487 Sigillo
1427 1425 1657 1481 munitis,

293 1502 611 1567 legationem
648 1516 793 1548 suam
829 1517 893 1547 ne
930 1503 1116 1548 mittat.
1191 1506 1307 1563 Cap.
1354 1513 1431 1550 21.
1471 1499 1660 1549 Clerici

294 1579 529 1627 advenae
565 1579 830 1628 Formatas
856 1579 1041 1628 ferant.
1081 1579 1135 1642 e)
1176 1579 1266 1627 His
1291 1591 1541 1645 carentes,
1574 1579 1677 1629 velt
1747 1603 1751 1606 ·
1780 1598 1781 1619 ἢ

292 1661 644 1708 testimonium
683 1675 778 1725 pro
826 1675 879 1708 se
916 1656 1175 1708 adducant
1207 1695 1221 1718 ,
1272 1659 1360 1706 vel
1395 1669 1660 1707 revertan-

1494 1749 1594 1787 tur.

350 1881 395 1936 c)
429 1882 620 1924 Nomine
655 1889 911 1924 monasterii
939 1882 1156 1940 intelligo
1201 1881 1513 1924 habitaculum
1545 1894 1663 1937 uxo-

405 1951 466 1991 ris
498 1980 510 1998 ‚
550 1960 596 1991 et
636 1951 839 2004 prolium
865 1981 880 2001 ,
922 1962 1026 1993 ante
1072 1952 1389 1993 Sacerdotium
1429 1959 1663 2004 suscepto·

404 2032 532 2070 rum3
565 2018 867 2060 conformiter
899 2020 956 2061 ad
987 2020 1139 2075 legem
1174 2018 1414 2060 Colomani
1442 2019 1579 2074 Regis
1606 2017 1660 2058 li-

404 2089 488 2128 bro
521 2102 558 2130 2.
583 2101 682 2141 cap.
711 2101 774 2130 10.
844 2089 896 2142 d)
927 2088 1202 2129 Servitutem
1243 2087 1338 2129 veri
1381 2086 1576 2127 nominis
1609 2086 1656 2126 in

402 2155 563 2196 Patria
594 2164 750 2197 nostra
780 2156 949 2197 dudum
982 2157 1208 2212 viguisse,
1239 2157 1483 2199 docueram
1514 2156 1560 2194 in
1588 2153 1656 2194 iu-

404 2237 455 2264 re
487 2225 665 2277 privato
705 2224 826 2268 Eccl.
866 2226 1015 2281 Hung.
1062 2224 1182 2282 §pho
1217 2224 1480 2269 CCCXLIII.
1513 2222 1665 2263 addu-

406 2292 489 2332 ctis
522 2291 636 2332 hanc
668 2292 712 2332 in
741 2306 867 2342 rem,
898 2293 936 2336 S.
960 2293 1212 2346 Stephani,
1242 2291 1443 2333 Ladislai
1463 2319 1477 2339 ‚
1510 2299 1557 2331 et
1579 2290 1661 2330 Co-

403 2358 577 2400 lomani
608 2359 802 2415 legibus.
862 2362 1080 2402 Habuisse
1112 2369 1265 2402 autem
1294 2358 1520 2400 Ecclesias
1550 2370 1658 2411 qvo·
1774 2379 1775 2382 =

406 2441 491 2481 qve
525 2429 620 2470 veri
651 2429 846 2469 nominis
890 2443 1041 2471 servos
1069 2459 1082 2478 ,
1126 2442 1176 2469 ac
1209 2427 1402 2469 ancillas
1424 2455 1438 2475 ,
1485 2427 1663 2467 discere

406 2504 540 2549 potes
572 2510 627 2537 ex
660 2497 911 2550 exemplis,
953 2511 1145 2550 qvorum
1187 2494 1412 2537 nonnulla
1461 2493 1662 2547 protuli,

406 2564 452 2605 in
486 2565 700 2605 amoenit.
734 2565 834 2606 hist.
868 2565 990 2607 Eccl.
1022 2566 1073 2607 R.
1106 2565 1157 2604 H.
1192 2563 1410 2604 fasciculo
1442 2564 1500 2609 ΙΙ,
1533 2576 1658 2603 num.

405 2647 444 2677 a.
478 2631 594 2690 §pho
629 2645 763 2677 nono.
822 2634 868 2686 e)
901 2635 965 2674 De
1000 2632 1066 2672 his
1099 2633 1243 2689 legito
1265 2632 1416 2686 Espen
1437 2631 1513 2674 Jus
1536 2629 1662 2675 Eccl-

405 2711 532 2756 parte
563 2702 641 2766 tn.
672 2703 741 2746 tit.
773 2703 850 2745 XI.
881 2715 979 2757 cap.
1011 2710 1185 2756 qvarto.
