<?xml version="1.0" encoding="UTF-8"?>
<!DOCTYPE html PUBLIC "-//W3C//DTD XHTML 1.0 Transitional//EN"
    "http://www.w3.org/TR/xhtml1/DTD/xhtml1-transitional.dtd">
<html xmlns="http://www.w3.org/1999/xhtml" xml:lang="en" lang="en">
 <head>
  <title>
</title>
<meta http-equiv="Content-Type" content="text/html;charset=utf-8" />
  <meta name='ocr-system' content='tesseract 3.04.00' />
  <meta name='ocr-capabilities' content='ocr_page ocr_carea ocr_par ocr_line ocrx_word'/>
</head>
<body>
  <div class='ocr_page' id='page_1' title='image "./synopsiscriticoh00szvouoft_0250.png"; bbox 0 0 1779 3128; ppageno 0'>
   <div class='ocr_carea' id='block_1_1' title="bbox 298 225 1068 278">
    <p class='ocr_par' dir='ltr' id='par_1_1' title="bbox 298 225 1068 278">
     <span class='ocr_line' id='line_1_1' title="bbox 298 225 1068 278; baseline -0.003 -12"><span class='ocrx_word' id='word_1_1' title='bbox 298 226 395 278; x_wconf 65' lang='lat'>232</span> <span class='ocrx_word' id='word_1_2' title='bbox 885 225 1068 256; x_wconf 69' lang='lat' dir='ltr'>===s</span> 
     </span>
    </p>
   </div>
   <div class='ocr_carea' id='block_1_2' title="bbox 294 333 1741 2142">
    <p class='ocr_par' dir='ltr' id='par_1_2' title="bbox 294 333 1741 2142">
     <span class='ocr_line' id='line_1_2' title="bbox 298 333 1740 405; baseline -0.001 -19"><span class='ocrx_word' id='word_1_3' title='bbox 298 336 551 404; x_wconf 88' lang='lat' dir='ltr'>Spinelli,</span> <span class='ocrx_word' id='word_1_4' title='bbox 593 333 795 384; x_wconf 88' lang='lat' dir='ltr'>Nuncio</span> <span class='ocrx_word' id='word_1_5' title='bbox 845 335 1144 403; x_wconf 88' lang='lat' dir='ltr'>Apostolico</span> <span class='ocrx_word' id='word_1_6' title='bbox 1181 335 1495 397; x_wconf 77' lang='lat' dir='ltr'>Viennensi,</span> <span class='ocrx_word' id='word_1_7' title='bbox 1541 353 1662 403; x_wconf 89' lang='lat' dir='ltr'>pro·</span> <span class='ocrx_word' id='word_1_8' title='bbox 1736 402 1740 405; x_wconf 28' lang='grc'><em>“</em></span> 
     </span>
     <span class='ocr_line' id='line_1_3' title="bbox 296 414 1676 484; baseline 0.001 -21"><span class='ocrx_word' id='word_1_9' title='bbox 296 428 414 484; x_wconf 85' lang='lat' dir='ltr'>pter</span> <span class='ocrx_word' id='word_1_10' title='bbox 439 415 714 481; x_wconf 84' lang='lat' dir='ltr'>denegatas</span> <span class='ocrx_word' id='word_1_11' title='bbox 738 414 923 464; x_wconf 86' lang='lat' dir='ltr'>Curiae</span> <span class='ocrx_word' id='word_1_12' title='bbox 951 415 1218 465; x_wconf 81' lang='lat' dir='ltr'>Romanae</span> <span class='ocrx_word' id='word_1_13' title='bbox 1247 417 1490 465; x_wconf 84' lang='lat' dir='ltr'>Annatas.</span> <span class='ocrx_word' id='word_1_14' title='bbox 1529 416 1676 465; x_wconf 80' lang='lat' dir='ltr'>Nam&#39;</span> 
     </span>
     <span class='ocr_line' id='line_1_4' title="bbox 300 492 1660 555; baseline 0.002 -15"><span class='ocrx_word' id='word_1_15' title='bbox 300 494 431 541; x_wconf 76' lang='lat' dir='ltr'>datis</span> <span class='ocrx_word' id='word_1_16' title='bbox 474 492 542 541; x_wconf 90' lang='lat' dir='ltr'>ad</span> <span class='ocrx_word' id='word_1_17' title='bbox 590 511 706 542; x_wconf 85' lang='lat' dir='ltr'>eum</span> <span class='ocrx_word' id='word_1_18' title='bbox 756 495 958 555; x_wconf 85' lang='lat' dir='ltr'>literis,</span> <span class='ocrx_word' id='word_1_19' title='bbox 1007 495 1349 544; x_wconf 87' lang='lat' dir='ltr'>adfirmabat:</span> <span class='ocrx_word' id='word_1_20' title='bbox 1402 495 1660 545; x_wconf 88' lang='lat' dir='ltr'>Consultis</span> 
     </span>
     <span class='ocr_line' id='line_1_5' title="bbox 296 572 1739 641; baseline 0.001 -19"><span class='ocrx_word' id='word_1_21' title='bbox 296 572 558 622; x_wconf 83' lang='lat' dir='ltr'>Ecclesiae</span> <span class='ocrx_word' id='word_1_22' title='bbox 608 590 727 621; x_wconf 86' lang='lat' dir='ltr'>suae</span> <span class='ocrx_word' id='word_1_23' title='bbox 781 572 1132 633; x_wconf 82' lang='lat' dir='ltr'>documentiS,</span> <span class='ocrx_word' id='word_1_24' title='bbox 1181 587 1445 641; x_wconf 76' lang='lat' dir='ltr'>repertum</span> <span class='ocrx_word' id='word_1_25' title='bbox 1497 576 1557 624; x_wconf 85' lang='lat' dir='ltr'>ab</span> <span class='ocrx_word' id='word_1_26' title='bbox 1611 593 1665 624; x_wconf 90' lang='lat' dir='ltr'>se</span> <span class='ocrx_word' id='word_1_27' title='bbox 1735 597 1739 601; x_wconf 92' lang='lat'>·</span> 
     </span>
     <span class='ocr_line' id='line_1_6' title="bbox 297 651 1665 713; baseline 0.001 -13"><span class='ocrx_word' id='word_1_28' title='bbox 297 651 536 700; x_wconf 78' lang='lat' dir='ltr'>Marcelli</span> <span class='ocrx_word' id='word_1_29' title='bbox 569 653 631 702; x_wconf 88' lang='grc' dir='ltr'>ΙΙ.</span> <span class='ocrx_word' id='word_1_30' title='bbox 675 652 929 701; x_wconf 75' lang='lat' dir='ltr'>pontificis</span> <span class='ocrx_word' id='word_1_31' title='bbox 967 653 1167 712; x_wconf 81' lang='lat' dir='ltr'><strong>Breve,</strong></span> <span class='ocrx_word' id='word_1_32' title='bbox 1221 669 1353 701; x_wconf 86' lang='lat' dir='ltr'>anno</span> <span class='ocrx_word' id='word_1_33' title='bbox 1397 661 1536 713; x_wconf 77' lang='lat'><strong><em>1555·</em></strong></span> <span class='ocrx_word' id='word_1_34' title='bbox 1575 653 1665 703; x_wconf 87' lang='lat' dir='ltr'>da-</span> 
     </span>
     <span class='ocr_line' id='line_1_7' title="bbox 297 731 1741 800; baseline 0.004 -22"><span class='ocrx_word' id='word_1_35' title='bbox 297 741 440 789; x_wconf 81' lang='lat' dir='ltr'>tum,</span> <span class='ocrx_word' id='word_1_36' title='bbox 481 747 582 795; x_wconf 88' lang='lat' dir='ltr'>qvo</span> <span class='ocrx_word' id='word_1_37' title='bbox 617 731 837 780; x_wconf 83' lang='lat' dir='ltr'>liberum</span> <span class='ocrx_word' id='word_1_38' title='bbox 866 731 1131 798; x_wconf 85' lang='lat' dir='ltr'>Episcopis</span> <span class='ocrx_word' id='word_1_39' title='bbox 1159 731 1420 780; x_wconf 82' lang='lat' dir='ltr'>Ecclesiae</span> <span class='ocrx_word' id='word_1_40' title='bbox 1453 734 1664 800; x_wconf 82' lang='lat' dir='ltr'>Hunga-</span> <span class='ocrx_word' id='word_1_41' title='bbox 1739 782 1741 784; x_wconf 87' lang='lat'>.</span> 
     </span>
     <span class='ocr_line' id='line_1_8' title="bbox 294 811 1665 879; baseline 0.002 -21"><span class='ocrx_word' id='word_1_42' title='bbox 294 812 434 858; x_wconf 84' lang='lat' dir='ltr'>ricae</span> <span class='ocrx_word' id='word_1_43' title='bbox 483 811 794 875; x_wconf 89' lang='lat' dir='ltr'>relinqvitur</span> <span class='ocrx_word' id='word_1_44' title='bbox 820 848 835 871; x_wconf 88' lang='lat'>,</span> <span class='ocrx_word' id='word_1_45' title='bbox 879 822 1058 879; x_wconf 86' lang='lat' dir='ltr'>petere</span> <span class='ocrx_word' id='word_1_46' title='bbox 1110 813 1186 859; x_wconf 89' lang='lat' dir='ltr'>sui</span> <span class='ocrx_word' id='word_1_47' title='bbox 1225 814 1665 861; x_wconf 83' lang='lat' dir='ltr'>consecrationem</span> 
     </span>
     <span class='ocr_line' id='line_1_9' title="bbox 298 889 1667 956; baseline 0.001 -20"><span class='ocrx_word' id='word_1_48' title='bbox 298 905 391 936; x_wconf 85' lang='lat' dir='ltr'>seu</span> <span class='ocrx_word' id='word_1_49' title='bbox 427 905 455 936; x_wconf 88' lang='lat' dir='ltr'>a</span> <span class='ocrx_word' id='word_1_50' title='bbox 492 889 776 949; x_wconf 86' lang='lat' dir='ltr'>Pontifice,</span> <span class='ocrx_word' id='word_1_51' title='bbox 828 893 935 940; x_wconf 88' lang='lat' dir='ltr'>sive</span> <span class='ocrx_word' id='word_1_52' title='bbox 972 907 999 938; x_wconf 85' lang='lat' dir='ltr'>a</span> <span class='ocrx_word' id='word_1_53' title='bbox 1038 892 1249 956; x_wconf 89' lang='lat' dir='ltr'>proprio</span> <span class='ocrx_word' id='word_1_54' title='bbox 1302 890 1667 956; x_wconf 81' lang='lat' dir='ltr'>Metropolita-</span> 
     </span>
     <span class='ocr_line' id='line_1_10' title="bbox 298 955 1664 1037; baseline 0 -21"><span class='ocrx_word' id='word_1_55' title='bbox 298 984 399 1016; x_wconf 88' lang='lat' dir='ltr'>no:</span> <span class='ocrx_word' id='word_1_56' title='bbox 456 955 611 1032; x_wconf 77' lang='lat' dir='ltr'>atqve</span> <span class='ocrx_word' id='word_1_57' title='bbox 648 968 711 1016; x_wconf 88' lang='lat' dir='ltr'>ab</span> <span class='ocrx_word' id='word_1_58' title='bbox 753 985 813 1016; x_wconf 90' lang='lat' dir='ltr'>eo</span> <span class='ocrx_word' id='word_1_59' title='bbox 848 979 1080 1037; x_wconf 88' lang='lat' dir='ltr'>tempore</span> <span class='ocrx_word' id='word_1_60' title='bbox 1111 1006 1125 1026; x_wconf 91' lang='lat'>,</span> <span class='ocrx_word' id='word_1_61' title='bbox 1179 971 1440 1017; x_wconf 87' lang='lat' dir='ltr'>neminem</span> <span class='ocrx_word' id='word_1_62' title='bbox 1493 985 1554 1016; x_wconf 85' lang='lat' dir='ltr'>ex</span> <span class='ocrx_word' id='word_1_63' title='bbox 1605 971 1664 1018; x_wconf 83' lang='lat' dir='ltr'>iis</span> 
     </span>
     <span class='ocr_line' id='line_1_11' title="bbox 299 1044 1668 1113; baseline 0.001 -18"><span class='ocrx_word' id='word_1_64' title='bbox 299 1046 659 1104; x_wconf 88' lang='lat' dir='ltr'>Praesulibus,</span> <span class='ocrx_word' id='word_1_65' title='bbox 709 1044 934 1095; x_wconf 87' lang='lat' dir='ltr'>Annatas</span> <span class='ocrx_word' id='word_1_66' title='bbox 983 1047 1307 1113; x_wconf 79' lang='lat' dir='ltr'>persolvisse.</span> <span class='ocrx_word' id='word_1_67' title='bbox 1399 1048 1500 1112; x_wconf 80' lang='lat' dir='ltr'>Qvi</span> <span class='ocrx_word' id='word_1_68' title='bbox 1552 1066 1668 1097; x_wconf 89' lang='lat' dir='ltr'>cum</span> 
     </span>
     <span class='ocr_line' id='line_1_12' title="bbox 298 1124 1668 1193; baseline 0.001 -20"><span class='ocrx_word' id='word_1_69' title='bbox 298 1124 354 1173; x_wconf 88' lang='lat' dir='ltr'>id</span> <span class='ocrx_word' id='word_1_70' title='bbox 389 1141 544 1172; x_wconf 92' lang='lat' dir='ltr'>unum</span> <span class='ocrx_word' id='word_1_71' title='bbox 581 1129 913 1191; x_wconf 83' lang='lat' dir='ltr'>reposuisset:</span> <span class='ocrx_word' id='word_1_72' title='bbox 952 1126 1353 1192; x_wconf 84' lang='lat' dir='ltr'>Zagrabiensem</span> <span class='ocrx_word' id='word_1_73' title='bbox 1389 1126 1668 1193; x_wconf 84' lang='lat' dir='ltr'>Episcopa-</span> 
     </span>
     <span class='ocr_line' id='line_1_13' title="bbox 297 1205 1666 1270; baseline 0.001 -18"><span class='ocrx_word' id='word_1_74' title='bbox 297 1215 445 1264; x_wconf 88' lang='lat' dir='ltr'>tum,</span> <span class='ocrx_word' id='word_1_75' title='bbox 500 1207 633 1252; x_wconf 89' lang='lat' dir='ltr'>inter</span> <span class='ocrx_word' id='word_1_76' title='bbox 669 1205 986 1270; x_wconf 86' lang='lat' dir='ltr'>Hungaricos</span> <span class='ocrx_word' id='word_1_77' title='bbox 1025 1208 1235 1253; x_wconf 87' lang='lat' dir='ltr'>minime</span> <span class='ocrx_word' id='word_1_78' title='bbox 1288 1208 1666 1264; x_wconf 86' lang='lat' dir='ltr'>connumerari,</span> 
     </span>
     <span class='ocr_line' id='line_1_14' title="bbox 298 1282 1666 1350; baseline 0 -18"><span class='ocrx_word' id='word_1_79' title='bbox 298 1283 362 1332; x_wconf 83' lang='lat' dir='ltr'>lis</span> <span class='ocrx_word' id='word_1_80' title='bbox 413 1283 477 1331; x_wconf 85' lang='lat' dir='ltr'>ad</span> <span class='ocrx_word' id='word_1_81' title='bbox 525 1284 712 1332; x_wconf 82' lang='lat' dir='ltr'>Aulam</span> <span class='ocrx_word' id='word_1_82' title='bbox 760 1282 1024 1350; x_wconf 83' lang='lat' dir='ltr'>Rudolphi</span> <span class='ocrx_word' id='word_1_83' title='bbox 1072 1285 1228 1350; x_wconf 86' lang='lat' dir='ltr'>Regis</span> <span class='ocrx_word' id='word_1_84' title='bbox 1274 1283 1524 1350; x_wconf 83' lang='lat' dir='ltr'>perducta</span> <span class='ocrx_word' id='word_1_85' title='bbox 1572 1295 1666 1343; x_wconf 83' lang='lat' dir='ltr'>est,</span> 
     </span>
     <span class='ocr_line' id='line_1_15' title="bbox 298 1362 1716 1430; baseline 0.001 -21"><span class='ocrx_word' id='word_1_86' title='bbox 298 1365 447 1427; x_wconf 88' lang='lat' dir='ltr'>siqve</span> <span class='ocrx_word' id='word_1_87' title='bbox 485 1375 623 1412; x_wconf 87' lang='lat' dir='ltr'>certa</span> <span class='ocrx_word' id='word_1_88' title='bbox 661 1366 861 1430; x_wconf 84' lang='lat' dir='ltr'>scripsit</span> <span class='ocrx_word' id='word_1_89' title='bbox 893 1362 1544 1428; x_wconf 82' lang='lat' dir='ltr'>Georgius-Marcellevich</span> <span class='ocrx_word' id='word_1_90' title='bbox 1571 1363 1669 1410; x_wconf 84' lang='lat' dir='ltr'>Za·</span> <span class='ocrx_word' id='word_1_91' title='bbox 1700 1405 1716 1423; x_wconf 70' lang='grc'>,,</span> 
     </span>
     <span class='ocr_line' id='line_1_16' title="bbox 297 1439 1728 1509; baseline 0 -20"><span class='ocrx_word' id='word_1_92' title='bbox 297 1443 581 1509; x_wconf 86' lang='lat' dir='ltr'>grabiensis</span> <span class='ocrx_word' id='word_1_93' title='bbox 620 1441 940 1502; x_wconf 82' lang='lat' dir='ltr'>Canonicus,</span> <span class='ocrx_word' id='word_1_94' title='bbox 979 1442 1275 1491; x_wconf 91' lang='lat' dir='ltr'>conclusum</span> <span class='ocrx_word' id='word_1_95' title='bbox 1317 1441 1428 1489; x_wconf 86' lang='lat' dir='ltr'>ibi:</span> <span class='ocrx_word' id='word_1_96' title='bbox 1482 1443 1547 1489; x_wconf 79' lang='lat' dir='ltr'>Ut</span> <span class='ocrx_word' id='word_1_97' title='bbox 1580 1461 1668 1489; x_wconf 86' lang='lat' dir='ltr'>an·</span> <span class='ocrx_word' id='word_1_98' title='bbox 1726 1439 1728 1446; x_wconf 83' lang='lat'>&#39;</span> 
     </span>
     <span class='ocr_line' id='line_1_17' title="bbox 301 1524 1670 1589; baseline -0.002 -18"><span class='ocrx_word' id='word_1_99' title='bbox 301 1534 481 1583; x_wconf 78' lang='lat' dir='ltr'>natae,</span> <span class='ocrx_word' id='word_1_100' title='bbox 520 1526 592 1570; x_wconf 81' lang='lat' dir='ltr'>ad</span> <span class='ocrx_word' id='word_1_101' title='bbox 620 1525 975 1585; x_wconf 79' lang='lat' dir='ltr'>beneplacitum</span> <span class='ocrx_word' id='word_1_102' title='bbox 1003 1526 1361 1589; x_wconf 79' lang='lat' dir='ltr'>Episcoporum</span> <span class='ocrx_word' id='word_1_103' title='bbox 1398 1524 1670 1585; x_wconf 70' lang='lat' dir='ltr'>relinquan-</span> 
     </span>
     <span class='ocr_line' id='line_1_18' title="bbox 302 1604 1667 1666; baseline -0.003 -16"><span class='ocrx_word' id='word_1_104' title='bbox 302 1613 425 1664; x_wconf 77' lang='lat' dir='ltr'>tur,-</span> <span class='ocrx_word' id='word_1_105' title='bbox 474 1620 621 1666; x_wconf 80' lang='lat' dir='ltr'>posse</span> <span class='ocrx_word' id='word_1_106' title='bbox 667 1613 831 1649; x_wconf 80' lang='lat' dir='ltr'>autem</span> <span class='ocrx_word' id='word_1_107' title='bbox 879 1605 1154 1664; x_wconf 78' lang='lat' dir='ltr'>Episcopos</span> <span class='ocrx_word' id='word_1_108' title='bbox 1180 1636 1194 1659; x_wconf 87' lang='lat'>,</span> <span class='ocrx_word' id='word_1_109' title='bbox 1243 1605 1517 1664; x_wconf 78' lang='lat' dir='ltr'>adm-gente</span> <span class='ocrx_word' id='word_1_110' title='bbox 1564 1604 1667 1647; x_wconf 79' lang='lat' dir='ltr'>ista</span> 
     </span>
     <span class='ocr_line' id='line_1_19' title="bbox 300 1683 1668 1741; baseline -0.004 -9"><span class='ocrx_word' id='word_1_111' title='bbox 300 1683 499 1732; x_wconf 72' lang='lat' dir='ltr'>,Nuncio</span> <span class='ocrx_word' id='word_1_112' title='bbox 531 1717 546 1738; x_wconf 84' lang='lat'>,</span> <span class='ocrx_word' id='word_1_113' title='bbox 598 1683 766 1730; x_wconf 82' lang='lat' dir='ltr'>Roma</span> <span class='ocrx_word' id='word_1_114' title='bbox 822 1685 972 1728; x_wconf 80' lang='lat' dir='ltr'>etiam</span> <span class='ocrx_word' id='word_1_115' title='bbox 1023 1684 1440 1727; x_wconf 74' lang='lat' dir='ltr'>consecrationem</span> <span class='ocrx_word' id='word_1_116' title='bbox 1483 1690 1668 1741; x_wconf 82' lang='lat' dir='ltr'>petere,</span> 
     </span>
     <span class='ocr_line' id='line_1_20' title="bbox 302 1761 1669 1824; baseline -0.003 -16"><span class='ocrx_word' id='word_1_117' title='bbox 302 1772 448 1824; x_wconf 78' lang='lat' dir='ltr'>atqve</span> <span class='ocrx_word' id='word_1_118' title='bbox 499 1764 611 1808; x_wconf 80' lang='lat' dir='ltr'>inde</span> <span class='ocrx_word' id='word_1_119' title='bbox 660 1763 912 1808; x_wconf 71' lang='lat' dir='ltr'>ordinatio</span> <span class='ocrx_word' id='word_1_120' title='bbox 961 1762 1274 1822; x_wconf 80' lang='lat' dir='ltr'>Episcopalis</span> <span class='ocrx_word' id='word_1_121' title='bbox 1311 1761 1553 1815; x_wconf 79' lang='lat' dir='ltr'>obtineri,</span> <span class='ocrx_word' id='word_1_122' title='bbox 1607 1775 1669 1804; x_wconf 82' lang='lat' dir='ltr'>ac</span> 
     </span>
     <span class='ocr_line' id='line_1_21' title="bbox 302 1835 1668 1902; baseline -0.004 -15"><span class='ocrx_word' id='word_1_123' title='bbox 302 1844 564 1888; x_wconf 80' lang='lat' dir='ltr'>committi.</span> <span class='ocrx_word' id='word_1_124' title='bbox 604 1839 663 1902; x_wconf 91' lang='lat' dir='ltr'>q)</span> <span class='ocrx_word' id='word_1_125' title='bbox 746 1838 786 1885; x_wconf 84' lang='lat' dir='ltr'>E</span> <span class='ocrx_word' id='word_1_126' title='bbox 823 1848 1140 1897; x_wconf 86' lang='lat' dir='ltr'>memorata,</span> <span class='ocrx_word' id='word_1_127' title='bbox 1191 1836 1282 1885; x_wconf 90' lang='lat' dir='ltr'>sed</span> <span class='ocrx_word' id='word_1_128' title='bbox 1315 1836 1554 1884; x_wconf 81' lang='lat' dir='ltr'>hactenus</span> <span class='ocrx_word' id='word_1_129' title='bbox 1591 1835 1668 1882; x_wconf 86' lang='lat' dir='ltr'>la-</span> 
     </span>
     <span class='ocr_line' id='line_1_22' title="bbox 301 1914 1670 1985; baseline -0.005 -18"><span class='ocrx_word' id='word_1_130' title='bbox 301 1930 443 1967; x_wconf 87' lang='lat' dir='ltr'>tente</span> <span class='ocrx_word' id='word_1_131' title='bbox 481 1919 726 1985; x_wconf 81' lang='lat' dir='ltr'>Synodo,</span> <span class='ocrx_word' id='word_1_132' title='bbox 763 1916 856 1966; x_wconf 89' lang='lat' dir='ltr'>hoc</span> <span class='ocrx_word' id='word_1_133' title='bbox 894 1933 1050 1963; x_wconf 88' lang='lat' dir='ltr'>unum</span> <span class='ocrx_word' id='word_1_134' title='bbox 1087 1919 1357 1973; x_wconf 88' lang='lat' dir='ltr'>novimus,</span> <span class='ocrx_word' id='word_1_135' title='bbox 1411 1925 1540 1962; x_wconf 88' lang='lat' dir='ltr'>teste</span> <span class='ocrx_word' id='word_1_136' title='bbox 1575 1914 1670 1979; x_wconf 86' lang='lat' dir='ltr'>Sy-</span> 
     </span>
     <span class='ocr_line' id='line_1_23' title="bbox 304 1991 1669 2061; baseline -0.004 -15"><span class='ocrx_word' id='word_1_137' title='bbox 304 1997 478 2057; x_wconf 85' lang='lat' dir='ltr'>nodo,</span> <span class='ocrx_word' id='word_1_138' title='bbox 525 2001 578 2045; x_wconf 90' lang='lat' dir='ltr'>in</span> <span class='ocrx_word' id='word_1_139' title='bbox 622 2013 721 2061; x_wconf 84' lang='lat' dir='ltr'>qva</span> <span class='ocrx_word' id='word_1_140' title='bbox 759 2006 1223 2053; x_wconf 81' lang='lat' dir='ltr'>commemoratur,</span> <span class='ocrx_word' id='word_1_141' title='bbox 1278 1993 1544 2043; x_wconf 86' lang='lat' dir='ltr'>decretum</span> <span class='ocrx_word' id='word_1_142' title='bbox 1593 1991 1669 2041; x_wconf 87' lang='lat' dir='ltr'>ibi</span> 
     </span>
     <span class='ocr_line' id='line_1_24' title="bbox 301 2075 1435 2142; baseline -0.003 -16"><span class='ocrx_word' id='word_1_143' title='bbox 301 2094 448 2140; x_wconf 83' lang='lat' dir='ltr'>esse,</span> <span class='ocrx_word' id='word_1_144' title='bbox 485 2087 541 2126; x_wconf 88' lang='lat' dir='ltr'>ut</span> <span class='ocrx_word' id='word_1_145' title='bbox 574 2076 745 2126; x_wconf 90' lang='lat' dir='ltr'>triduo</span> <span class='ocrx_word' id='word_1_146' title='bbox 782 2075 1131 2142; x_wconf 87' lang='lat' dir='ltr'>Rogationum</span> <span class='ocrx_word' id='word_1_147' title='bbox 1163 2075 1435 2124; x_wconf 88' lang='lat' dir='ltr'>ieiunetur.</span> 
     </span>
    </p>
   </div>
   <div class='ocr_carea' id='block_1_3' title="bbox 1302 2428 1600 2499">
    <p class='ocr_par' dir='ltr' id='par_1_3' title="bbox 1302 2428 1600 2499">
     <span class='ocr_line' id='line_1_25' title="bbox 1302 2428 1600 2499; baseline -0.003 -16"><span class='ocrx_word' id='word_1_148' title='bbox 1302 2428 1351 2499; x_wconf 71' lang='lat'>5.</span> <span class='ocrx_word' id='word_1_149' title='bbox 1388 2431 1600 2482; x_wconf 81' lang='lat' dir='ltr'>xcvn.</span> 
     </span>
    </p>
   </div>
   <div class='ocr_carea' id='block_1_4' title="bbox 363 2594 1670 2792">
    <p class='ocr_par' dir='ltr' id='par_1_4' title="bbox 363 2594 1670 2792">
     <span class='ocr_line' id='line_1_26' title="bbox 363 2594 1666 2654; baseline -0.005 -16"><span class='ocrx_word' id='word_1_150' title='bbox 363 2595 414 2652; x_wconf 80' lang='lat' dir='ltr'>q)</span> <span class='ocrx_word' id='word_1_151' title='bbox 445 2595 565 2654; x_wconf 83' lang='lat' dir='ltr'>Lege</span> <span class='ocrx_word' id='word_1_152' title='bbox 607 2597 663 2638; x_wconf 88' lang='lat' dir='ltr'>de</span> <span class='ocrx_word' id='word_1_153' title='bbox 705 2597 792 2640; x_wconf 87' lang='lat' dir='ltr'>hoc</span> <span class='ocrx_word' id='word_1_154' title='bbox 831 2608 953 2638; x_wconf 81' lang='lat' dir='ltr'>meas</span> <span class='ocrx_word' id='word_1_155' title='bbox 998 2594 1223 2637; x_wconf 86' lang='lat' dir='ltr'>Amoenit.</span> <span class='ocrx_word' id='word_1_156' title='bbox 1264 2594 1436 2640; x_wconf 60' lang='lat' dir='ltr'>Fascio,</span> <span class='ocrx_word' id='word_1_157' title='bbox 1483 2600 1666 2647; x_wconf 81' lang='lat' dir='ltr'>qvart0‚</span> 
     </span>
     <span class='ocr_line' id='line_1_27' title="bbox 416 2660 1670 2723; baseline -0.005 -15"><span class='ocrx_word' id='word_1_158' title='bbox 416 2680 538 2709; x_wconf 86' lang='lat' dir='ltr'>num.</span> <span class='ocrx_word' id='word_1_159' title='bbox 577 2667 632 2709; x_wconf 86' lang='grc' dir='ltr'>ΙΙ.</span> <span class='ocrx_word' id='word_1_160' title='bbox 676 2665 714 2723; x_wconf 80' lang='lat'>§.</span> <span class='ocrx_word' id='word_1_161' title='bbox 757 2679 820 2718; x_wconf 82' lang='lat'>19.</span> <span class='ocrx_word' id='word_1_162' title='bbox 863 2674 910 2707; x_wconf 82' lang='lat' dir='ltr'>et</span> <span class='ocrx_word' id='word_1_163' title='bbox 948 2679 1041 2719; x_wconf 82' lang='lat' dir='ltr'>seq.</span> <span class='ocrx_word' id='word_1_164' title='bbox 1118 2666 1245 2719; x_wconf 74' lang='lat' dir='ltr'>Qvae</span> <span class='ocrx_word' id='word_1_165' title='bbox 1288 2663 1422 2706; x_wconf 84' lang='lat' dir='ltr'>sumsi</span> <span class='ocrx_word' id='word_1_166' title='bbox 1464 2676 1519 2703; x_wconf 85' lang='lat' dir='ltr'>ex</span> <span class='ocrx_word' id='word_1_167' title='bbox 1563 2660 1670 2702; x_wconf 81' lang='lat' dir='ltr'>hist.</span> 
     </span>
     <span class='ocr_line' id='line_1_28' title="bbox 419 2731 1666 2792; baseline -0.006 -15"><span class='ocrx_word' id='word_1_168' title='bbox 419 2734 546 2777; x_wconf 82' lang='lat' dir='ltr'>Cath.</span> <span class='ocrx_word' id='word_1_169' title='bbox 575 2734 700 2779; x_wconf 86' lang='lat' dir='ltr'>Eccl.</span> <span class='ocrx_word' id='word_1_170' title='bbox 729 2735 924 2792; x_wconf 79' lang='lat' dir='ltr'>Zagrab.</span> <span class='ocrx_word' id='word_1_171' title='bbox 965 2735 1058 2776; x_wconf 88' lang='lat' dir='ltr'>RR.</span> <span class='ocrx_word' id='word_1_172' title='bbox 1090 2731 1356 2778; x_wconf 85' lang='lat' dir='ltr'>Kercselich</span> <span class='ocrx_word' id='word_1_173' title='bbox 1380 2760 1395 2780; x_wconf 88' lang='lat'>,</span> <span class='ocrx_word' id='word_1_174' title='bbox 1433 2744 1539 2787; x_wconf 81' lang='lat' dir='ltr'>pag.</span> <span class='ocrx_word' id='word_1_175' title='bbox 1570 2743 1666 2785; x_wconf 82' lang='lat'><strong>310.</strong></span> 
     </span>
    </p>
   </div>
  </div>
 </body>
</html>
