1779 3128
291 208 388 254 ⁰34
887 187 1069 221 ······⁶

291 231 318 243 ⁴⁷

281 325 559 384 praecepta
604 312 955 364 observentur.
1036 331 1084 376 5.
1134 314 1467 382 Seqvuturam
1515 318 1650 368 Con·

284 389 624 443 firmationem
660 393 869 442 Parochi
907 395 1219 445 denuncient
1249 397 1410 463 plebi.
1480 398 1652 448 Virtu-

282 484 390 525 tem
427 476 532 521 eius
580 484 857 539 exponant.
940 475 1215 542 Septennio
1251 467 1529 526 maioribus
1574 495 1653 528 re·
1705 488 1708 496 “

281 550 581 619 cipiendum
619 552 1000 604 commendent.
1074 555 1253 603 Preces
1289 556 1523 622 publicas
1558 573 1652 624 pro

285 630 655 679 confirmandis
703 635 991 682 instituant.
1061 633 1265 681 Docere
1316 633 1454 682 haud
1490 635 1655 701 negli-

282 721 439 775 gant,
471 710 858 760 Sacramentum
893 710 1023 772 hoc,
1079 712 1236 762 semel
1268 712 1515 761 duntaxat
1551 731 1655 762 sus-

283 791 384 855 cipi
433 807 609 856 posse.
691 792 987 851 Moneant,
1037 797 1091 840 ut
1138 794 1240 840 viri
1288 792 1548 852 maribus,
1597 809 1656 843 ac

282 868 540 918 foeminae
594 870 865 929 foeminis,
917 881 1237 939 compatrum
1268 907 1283 930 ,
1334 881 1384 920 et
1429 888 1657 920 comma-

282 958 418 995 trum
453 950 658 997 nomine
694 951 950 999 assistant.
1023 949 1356 1009 Confirmati,
1395 967 1451 999 ac
1490 968 1657 1001 susce-

280 1037 456 1094 ptores
496 1027 631 1074 libro
672 1029 975 1076 inserantur.
1047 1029 1091 1076 6.
1130 1028 1244 1076 Non
1276 1029 1568 1088 confessus,
1607 1041 1659 1078 et

281 1122 384 1153 non
421 1105 644 1153 refectus
683 1105 1002 1155 Eucharistia
1037 1118 1268 1174 tempore
1300 1107 1549 1166 Paschali,
1579 1125 1658 1156 se-

281 1184 489 1253 pultura
537 1185 936 1244 Ecclesiastica,
995 1197 1044 1234 et
1093 1187 1244 1254 pulsu
1289 1204 1657 1254 campanarum

284 1274 476 1312 careto.
548 1264 710 1313 Huius
748 1263 920 1314 delicti
957 1282 1050 1330 per
1071 1265 1338 1315 biennium
1374 1283 1522 1325 reus,
1562 1266 1657 1314 Or-

284 1340 487 1390 dinario
525 1343 909 1392 denunciandus
950 1355 1053 1402 est,
1101 1347 1240 1394 cuius
1276 1347 1442 1403 iussu,
1480 1343 1656 1410 prohi-

283 1421 466 1470 beatur
515 1423 577 1471 ab
628 1426 857 1489 ingressu
904 1424 1203 1497 Ecclesiae,
1261 1441 1319 1472 ac
1372 1427 1528 1471 etiam
1570 1442 1656 1473 ex·

285 1504 715 1570 communicetur.
788 1502 1024 1550 Confessi
1055 1503 1423 1569 Regularibus,
1457 1504 1552 1550 nisi
1581 1513 1656 1552 te·
1702 1543 1706 1550 .

287 1582 587 1628 stimonium
633 1580 939 1639 habuerint,
993 1600 1087 1649 pro
1134 1599 1235 1630 non
1287 1582 1533 1630 confessis
1568 1581 1658 1629 ha-

283 1659 460 1708 bendi.
532 1673 579 1719 7.
617 1659 750 1709 Tres
790 1661 970 1710 saltem
1006 1662 1290 1727 particulae
1327 1671 1656 1709 consecratae
1688 1657 1692 1669 “

282 1750 488 1805 praesto
531 1757 735 1805 'semper
771 1743 905 1799 sint,
955 1757 1227 1806 aegrorum
1281 1757 1462 1801 causa3
1515 1751 1653 1802 octa-

281 1835 382 1877 νο,
434 1829 520 1866 aut
557 1820 737 1867 saltem
774 1831 955 1883 qvarto
995 1819 1195 1868 decimo
1232 1819 1314 1867 die
1352 1835 1653 1867 consecran-

285 1895 401 1956 dae.
473 1898 617 1946 Plebs
646 1900 905 1949 munenda
933 1903 1164 1966 saepms,
1200 1911 1252 1947 ut
1283 1897 1657 1946 Eucharistiam

285 1975 351 2023 ad
390 1993 568 2043 aegros
616 1980 904 2027 comitetur.
992 1986 1039 2032 8.
1085 1977 1371 2034 Servanda,
1421 1993 1551 2041 qvae
1590 1974 1653 2033 de

283 2055 637 2104 celebratione
674 2057 988 2116 Missarum,
1030 2057 1203 2106 Patres
1230 2055 1524 2105 Tridentini
1562 2054 1653 2103 de-

285 2146 580 2183 creverunt.
652 2151 698 2199 9.
736 2135 979 2184 Servetur
1013 2152 1114 2184 non
1149 2137 1315 2184 minus
1353 2133 1653 2182 eorumdem

284 2216 585 2262 constitutio
643 2215 812 2279 qvoad
873 2216 1107 2274 Missas,
1165 2231 1383 2280 qvorum
1439 2230 1654 2260 numero

286 2295 567 2358 qvaepiam
598 2294 831 2343 Ecclesia
857 2288 1113 2360 gravatur.
1189 2308 1261 2342 10.
1301 2293 1449 2340 Sacra
1482 2292 1654 2358 supel-

284 2371 369 2419 lex
404 2374 711 2421 munditiem
758 2390 880 2439 prae
921 2391 973 2421 se
1023 2373 1172 2422 ferat.
1250 2385 1322 2419 11.
1362 2371 1654 2419 Confessio-

284 2467 375 2498 nes
413 2454 622 2500 minime
661 2453 867 2513 audiat,
904 2470 1002 2501 non
1042 2451 1373 2517 adprobatus.
1453 2464 1524 2499 12.
1563 2450 1654 2498 Pa-

285 2529 466 2578 rochus
513 2531 731 2580 limitem
779 2533 1139 2581 iurisdictionis
1190 2548 1253 2578 ne
1303 2527 1650 2578 transcendat.

284 2609 469 2676 Neqve
511 2610 847 2660 parochianos
881 2628 980 2660 non
1018 2627 1165 2670 suOS,
1220 2609 1392 2658 demto
1431 2611 1650 2656 necessi-

1468 2698 1584 2736 tatls
