1779 3128
318 213 409 262 150
909 212 1090 230 ···········

909 231 1088 242 m—--.-

312 325 556 372 trutinam
592 322 799 368 vocavit
836 321 959 371 duos
998 324 1057 373 B.
1090 324 1360 390 Augustini
1397 340 1676 386 sermones,

312 401 532 449 alterum
567 399 809 449 videlicet
845 438 860 461 ‚
910 419 1061 466 qvem
1109 407 1157 451 in
1204 407 1394 470 campis
1445 403 1674 451 Pestanis

312 479 499 527 Carolo
529 479 783 528 Roberto:
822 481 1041 529 alterum
1070 499 1222 541 vero,
1261 500 1413 546 qvem
1442 486 1491 530 in
1520 482 1678 530 Dioe-

312 574 496 605 cesana
547 557 756 624 Synodo
805 559 990 608 dixisse
1039 573 1381 621 memoratur,
1434 579 1494 609 ex
1548 561 1674 609 alio-

309 653 424 684 rum
460 639 658 703 potius,
707 654 861 702 qvam
910 656 936 686 e
986 642 1194 705 propria
1240 644 1522 700 sententia,
1575 640 1676 688 fer-

309 732 393 763 me
430 714 554 764 haec
590 717 833 765 adversus
869 718 1080 766 alteram
1112 717 1311 783 profert
1342 730 1677 784 argumenta:

311 793 498 859 Qvod,
538 806 813 861 postqvam
853 796 1081 862 pluribus
1127 799 1351 845 evictum
1393 807 1501 855 est,
1539 800 1675 863 prio-

308 890 421 921 rem
458 873 601 922 illum
638 892 928 923 sermonem
966 876 1250 940 Augustino
1294 878 1498 941 penitus
1538 876 1677 924 abiu-

310 951 586 1001 dicandum
640 970 748 1001 esse
784 990 798 1013 ‚
863 965 1075 1020 propter
1131 957 1503 1002 exactissimam
1556 954 1679 1020 styli

312 1031 675 1091 concordiam,
728 1049 822 1080 nec
860 1033 1076 1081 alterurn
1113 1050 1260 1098 posse
1306 1032 1462 1080 tribui
1500 1044 1675 1081 sancto

307 1108 423 1158 huic
474 1112 603 1158 viro,
675 1110 1004 1176 Qvamqvam
1056 1114 1118 1160 sit
1170 1111 1469 1172 fatendum,
1522 1129 1672 1178 posse

309 1205 694 1252 nonnumqvam
742 1193 1073 1255 contingere,
1120 1202 1174 1238 ut
1212 1189 1421 1255 qvidam
1457 1191 1673 1239 inclina-

308 1269 446 1315 tione
482 1267 736 1324 naturali,
785 1267 1020 1334 eamdem
1073 1268 1279 1317 dicendi
1331 1269 1553 1317 formam
1591 1286 1670 1317 re-

309 1349 540 1407 tineant,
576 1346 663 1394 vel
702 1346 883 1394 saltem
922 1345 1042 1395 data
1090 1364 1282 1414 opera,
1335 1359 1383 1396 et
1418 1349 1669 1414 peculiari

309 1427 611 1476 imitationis
647 1426 849 1486 studio,
888 1426 1044 1473 alium
1082 1429 1132 1474 in
1167 1425 1439 1475 scribendo
1475 1430 1679 1475 imiten-

307 1515 408 1552 tur.
496 1503 730 1553 Alterum
780 1505 1039 1570 profertur
1077 1517 1436 1571 argumentum
1496 1503 1674 1554 contra

309 1572 656 1631 sinceritatem
700 1587 943 1632 orationis
976 1620 990 1642 ‚
1042 1582 1160 1631 inde
1213 1587 1463 1649 petitum:
1521 1582 1673 1649 Qvod

307 1665 553 1721 orassonis
587 1675 764 1721 autor,
801 1674 853 1710 ut
892 1679 919 1710 a
955 1666 1086 1711 vitiis
1125 1663 1403 1711 deterretet
1442 1663 1672 1723 Clerum‚

305 1742 572 1810 protulerit
610 1742 933 1806 exemplum,
988 1742 1051 1790 ab
1094 1743 1311 1808 Hugone
1347 1742 1678 1808 Magdebur-

306 1826 542 1888 gensium
580 1822 702 1869 olim
738 1821 992 1887 Episcopo
1030 1824 1279 1888 petitumg
1317 1841 1448 1886 qvem
1486 1821 1576 1883 (ut
1612 1838 1666 1868 o-

305 1904 436 1949 ratio
491 1901 682 1963 habet)
736 1907 933 1948 tandem
981 1906 1098 1949 ludo
1161 1906 1324 1948 carnis
1385 1905 1671 1948 illudentem

305 1983 453 2041 Deo,
491 1983 674 2045 sibique
712 1985 868 2026 lutum
905 1984 1221 2043 infernalium
1259 1999 1523 2041 aquarum,
1562 1999 1669 2027 ma-

305 2065 439 2109 xime
471 2062 687 2106 terribili
722 2063 770 2106 in
807 2078 946 2106 omne
993 2078 1164 2106 aevum
1213 2063 1354 2104 modo
1391 2063 1674 2123 ingurgita-

304 2144 394 2187 vit.
466 2138 581 2202 Qva
618 2140 942 2204 expressione
965 2174 980 2195 ‚
1032 2154 1143 2185 cum
1180 2137 1452 2203 significari
1489 2134 1669 2184 videa-

305 2229 390 2265 tur
427 2217 685 2267 fabulosus
724 2215 874 2277 Udo,
911 2219 1082 2282 pueris
1118 2214 1430 2263 scholaribus
1470 2212 1665 2263 dudum

305 2307 500 2344 notus:
556 2294 806 2344 eiusmodi
868 2295 1375 2347 fabellamrorationi
1424 2292 1674 2360 Synodali

304 2375 558 2424 Praesulis
583 2379 738 2435 tanti,
771 2375 1170 2440 haudqvaqvam
1197 2376 1486 2423 convenire.
1523 2371 1668 2421 Tan-

302 2466 408 2504 tum
445 2456 508 2504 de
550 2454 609 2504 Β.
646 2455 916 2522 Augustini
952 2453 1198 2520 synodis,
1240 2450 1435 2501 dictum
1474 2463 1598 2501 esto.

1374 2686 1424 2761 ς.
1461 2690 1599 2740 Lx1.

1774 1493 1779 1620 l
