1779 3128
673 214 855 223 —ss-
1360 196 1442 230 141

74 310 147 357 D.
192 309 255 357 G.
291 308 354 355 A.
391 306 670 366 Episcopus
721 305 1098 368 Scrzgonz'enszls.
1151 330 1218 338 -—
1253 329 1319 337 ——
1352 305 1463 353 Nos

75 409 139 437 ex
174 387 339 451 officii
373 387 540 432 nostri
580 384 747 430 debito
771 418 786 440 ,
824 408 890 416 --
925 409 990 416 —
1024 408 1090 416 —
1124 386 1184 430 de
1222 386 1450 442 consilio,

75 480 125 515 et
161 482 399 515 consensu
444 464 812 511 Venerabilium
858 463 1076 510 Patrum
1113 464 1452 511 Domitiorum

71 551 467 609 Epz'scoporzcm,
505 546 786 601 sociorum,
824 553 873 590 et
910 543 1216 607 collegarum
1252 548 1472 590 nostro-'

73 644 216 682 rum,
268 634 316 670 et
363 627 576 669 aliorum
624 623 1017 680 Praelatorum,
1071 631 1120 668 et
1173 632 1451 668 ceter-omme

71 708 294 751 virorum
331 704 835 757 Ecclesiasticorum,
890 704 941 748 in
1001 695 1226 747 Concilio
1277 713 1452 748 nostro
1515 700 1517 703 ’

71 784 389 832 Provinciali
420 786 468 828 in
512 782 718 828 Udvord
750 790 1171 845 congregatorum
1196 815 1213 837 ,
1268 786 1456 826 statui-

71 879 182 909 mus
217 865 530 909 sententiam.
609 859 671 906 Et
711 861 748 907 si
783 875 911 906 vero
948 873 1108 906 annus
1147 855 1318 915 desit,
1358 875 1460 921 qvo

72 944 182 988 sive
221 938 509 988 Concilium
546 939 700 988 fuerit
738 938 1057 987 celebratum
1085 975 1100 997 ,
1149 955 1236 986 seu
1269 937 1454 986 literae

73 1018 284 1067 decreta
333 1019 465 1068 illius
520 1019 837 1087 publicantes
866 1055 881 1078 ,
933 1020 1032 1067 sint
1081 1018 1288 1066 editae:
1347 1021 1466 1082 qvi-

0 1133 1 1155 }
73 1116 276 1164 cunqve
315 1110 488 1147 tamen
525 1098 615 1146 has
653 1098 841 1165 publici
890 1097 1130 1146 fecerunt
1164 1099 1318 1156 iuriS,
1370 1114 1460 1146 an-

74 1196 201 1227 num
251 1177 436 1226 Christi
488 1191 629 1239 1309.
678 1176 872 1226 eisdem
926 1181 1201 1244 assignant.
1305 1176 1458 1225 Cuius

74 1258 200 1306 haec
249 1257 456 1305 videtur
506 1273 615 1304 esse
666 1273 859 1316 causa,
916 1255 1058 1321 qvod
1088 1260 1140 1306 in
1178 1257 1459 1324 Encyclica

74 1336 308 1385 dicantur
344 1340 482 1385 cives
530 1334 831 1394 Budenses,
879 1338 1111 1402 primum
1146 1353 1173 1384 a
1209 1335 1458 1404 Georgio,

73 1435 164 1465 seu
202 1416 458 1483 Gregorio
508 1416 838 1482 Strigoniensi
872 1415 1316 1483 ArchiepiscopO,
1370 1413 1465 1466 de-

72 1495 193 1545 inde
231 1513 259 1544 a
308 1496 524 1545 Nicolao
574 1495 848 1544 Cardinale
878 1533 893 1556 ,
945 1495 992 1544 S.
1041 1496 1182 1545 Sedis
1231 1497 1465 1563 Legato,

73 1576 292 1643 perculsi
332 1574 693 1636 anathemate,
733 1592 1004 1624 censuram
1056 1577 1120 1624 ab
1172 1580 1315 1624 annis
1367 1594 1462 1624 no-

70 1673 213 1713 vem,
246 1659 416 1703 animo
439 1672 643 1722 prorsus
672 1654 911 1704 indurato
938 1658 1251 1705 sustinuisse.
1322 1656 1460 1704 Nam

77 1737 579 1794 excommunicatio,
616 1753 710 1801 per
745 1735 1198 1803 Archipraesulem
1233 1735 1339 1784 lata
1383 1749 1459 1785 est

72 1815 391 1881 probabilius
437 1818 487 1863 in
535 1815 637 1864 fine
687 1817 811 1864 anni
868 1829 1007 1874 1300.
1056 1816 1145 1864 vel
1191 1817 1332 1864 initio
1382 1833 1459 1864 se-

74 1897 280 1959 qventis
305 1932 318 1954 ,
359 1893 483 1963 durn
521 1894 603 1943 hic
640 1911 826 1943 revera
863 1898 1140 1944 etiamnum
1189 1899 1352 1954 vixit,
1391 1898 1458 1960 n)

74 1985 124 2022 et
160 1985 439 2039 anteqvam
477 1974 723 2024 Nicolaus
757 1975 930 2042 Papae
967 1975 1224 2040 Legatus,
1262 1992 1289 2023 a
1317 1994 1457 2024 mor·

71 2066 121 2105 te
159 2053 402 2103 Andreae
439 2056 529 2103 III.
569 2055 757 2122 Regis,
810 2058 861 2104 in
900 2054 1121 2103 Patriam
1157 2053 1324 2113 hanc,
1366 2071 1464 2103 an-

70 2152 136 2184 no
175 2133 362 2183 eodem
397 2138 658 2197 venisset3
698 2134 756 2198 ο)
801 2152 917 2183 cum
945 2133 1316 2183 non‘videatur
1352 2152 1463 2184 esse

71 2231 194 2263 vero
232 2214 396 2263 simile
420 2253 435 2276 ,
475 2217 601 2263 vivo
637 2214 853 2264 Andrea
892 2214 1073 2282 Rege,
1108 2218 1158 2263 in
1196 2231 1314 2262 arce
1352 2214 1464 2263 Bu-

75 2295 219 2344 densi
262 2294 569 2357 habitante,
621 2311 681 2344 ac
733 2295 945 2344 demum
996 2311 1133 2344 anno
1192 2309 1333 2354 1301.
1374 2295 1459 2344 die

1311 2391 1385 2432 14.

134 2503 186 2557 n)
219 2505 413 2548 Consule
443 2507 583 2564 Prayi
614 2510 846 2564 specimen
871 2508 996 2550 Hier.
1027 2508 1080 2552 H.
1111 2516 1247 2563 parte
1274 2511 1309 2551 Ι.
1342 2520 1454 2564 pag.

192 2579 285 2626 164.
344 2577 394 2632 ο)
436 2578 547 2620 Vide
588 2593 713 2624 meas
745 2577 975 2619 Amoenit.
1017 2577 1193 2622 Fascio.
1224 2577 1294 2618 IV.
1332 2590 1458 2618 num.

189 2642 225 2686 Ι.
260 2641 300 2703 5.
321 2654 440 2701 5.-et
456 2661 527 2702 ap.
547 2645 688 2695 Odor.
710 2647 940 2705 Raynald.
959 2646 1018 2691 ad
1037 2660 1107 2692 an.
1129 2658 1249 2702 1301.
1272 2660 1396 2691 num.
1413 2656 1457 2698 4.

1176 2831 1206 2872 ja

1177 2893 1186 2913 ,ἶ
1227 2889 1256 2911 ¹1⁵
