1779 3128
268 173 360 222 124
867 170 1051 208 ====²

260 286 624 337 Ecclesiastica
672 287 880 353 negotia
940 283 1298 353 pertrahentes
1351 286 1413 334 ad
1466 286 1636 336 forum

260 367 483 426 saeculi,
525 369 1042 415 excommunicationi
1078 367 1370 416 subiaceant
1406 369 1516 432 ipso
1556 367 1636 415 fa-

263 460 366 496 cto,
438 461 487 507 7.
525 446 656 495 Item
705 445 814 504 illi,
864 449 954 510 qvi
990 446 1052 494 ab
1088 446 1496 506 Ecclesiasticis‚
1547 446 1635 494 vel
1704 478 1730 524 'ss
1769 486 1779 498 t

261 526 634 593 RegularibuS,
687 525 755 575 ad
800 527 1064 593 Synodum
1112 527 1375 586 euntibus,
1414 529 1643 586 exactio-r

260 622 382 655 nem
433 606 645 655 faciunt.
728 613 774 660 8.
813 606 896 655 Illi
953 609 1144 665 etiarn,
1201 608 1288 670 qvi
1319 606 1421 654 duo
1458 619 1637 656 curata

211 733 214 736 .
260 685 526 734 Beneficia
560 685 785 735 indebite
821 689 1044 736 retinent
1061 703 1078 753 ς,
1123 688 1174 734 in
1213 702 1430 748 qvorum
1480 686 1637 735 alter-

260 776 375 813 utro
413 769 632 813 existens
669 763 893 814 indebito
939 765 1095 814 modo
1145 764 1374 813 Vicarius
1397 803 1411 824 ,
1450 765 1633 815 eidem

256 861 459 912 poenae
497 845 677 893 subsit.
749 860 794 906 9.
832 843 1102 892 Manifesti
1138 842 1463 904 homicidae,
1506 855 1637 894 tam-

259 940 420 988 qvam
487 925 920 971 excommunicati
988 925 1230 972 vitentur.
1328 923 1554 989 Ideoqve
1607 942 1636 974 a

260 1001 504 1051 Praelatis
542 1002 770 1069 populo,
823 1002 1112 1051 Dominicis
1165 1019 1223 1051 ac
1259 1002 1404 1051 festis
1437 1002 1634 1065 diebus,

260 1081 628 1130 denunciandi.
719 1096 792 1129 10.
832 1081 987 1129 Cives
1023 1079 1327 1141 Budenses,
1383 1086 1468 1147 qvi
1516 1079 1636 1132 cen-

259 1176 402 1208 suras
430 1160 638 1210 Nicolai
665 1162 1019 1229 strigoniensis
1044 1160 1504 1228 Archi-Episcopi3
1545 1161 1635 1211 de-

254 1238 376 1288 inde
413 1238 612 1288 Nicolai
657 1241 932 1300 Ostiensis,
973 1256 1032 1289 ac
1066 1240 1376 1289 Veletrensis
1414 1241 1638 1307 Episco-

257 1322 345 1385 pi,
394 1331 546 1385 atqve
593 1317 915 1381 Cardinalis,
969 1316 1297 1387 Apostolicae
1350 1320 1493 1369 Sedis
1532 1322 1635 1370 Le-

257 1402 401 1467 gati3
453 1400 516 1462 r)
569 1417 869 1465 rursumqve
920 1398 1197 1448 Michaelis
1235 1400 1635 1465 Metropolitani

259 1480 656 1545 strigoniensis,
696 1496 725 1526 a
760 1496 948 1528 novem
987 1495 1237 1527 annorum
1291 1495 1474 1538 cursu,
1526 1482 1637 1527 ani-

261 1575 347 1607 mo
386 1561 633 1607 sustinent
657 1556 926 1622 indurato,
965 1558 1173 1607 easdem
1210 1575 1304 1624 per
1327 1561 1634 1606 sententiam

261 1636 457 1704 Synodi
493 1636 642 1686 huius
682 1638 944 1686 incurrant
982 1635 1182 1699 denu03
1222 1640 1413 1703 qviqve
1449 1637 1636 1687 horum

1449 1734 1568 1786 per-

373 1864 550 1916 cordia,
582 1878 633 1904 ac
664 1865 800 1904 eiusd.
829 1867 1057 1916 glorlosae
1083 1864 1276 1918 Wrginis
1295 1891 1308 1910 ,
1340 1870 1385 1902 et
1413 1859 1525 1900 BB.
1551 1858 1632 1901 Pe-

369 1937 434 1973 tri
461 1942 505 1973 et
535 1933 667 1972 Paula·
691 1919 952 1984 Apostblor.
996 1937 1168 1973 meritis
1196 1947 1249 1971 ac
1278 1930 1632 1970 intercessionib.

368 2001 669 2049 confidentes,
708 2003 856 2042 decem
897 2002 989 2041 dies
1032 2002 1085 2040 de
1113 2000 1391 2051 indulgentia
1421 1999 1633 2038 (luximus

366 2070 704 2111 concedendum.
761 2069 869 2109 Dat.
892 2067 1109 2108 Am'nione
1139 2081 1238 2107 non.
1267 2068 1414 2116 Maii,
1443 2081 1513 2106 cm.
1549 2067 1629 2107 XI.

365 2139 437 2180 Ita
475 2136 617 2177 Odor.
659 2135 803 2191 Rayn.
843 2136 902 2177 ad
941 2150 982 2179 a.
1026 2150 1146 2190 1327.
1184 2142 1228 2175 n.
1270 2145 1339 2189 54.
1417 2133 1461 2190 r)
1491 2135 1628 2174 Teste

364 2204 600 2246 Thurocio
643 2204 803 2247 chron.
844 2212 977 2260 parte
1019 2203 1076 2248 ΙΙ,
1109 2215 1210 2256 cap,
1250 2206 1316 2251 86.
1365 2215 1447 2255 per
1493 2201 1628 2242 Nico-

368 2272 493 2314 laum
534 2272 790 2315 Ostiensem
835 2271 1225 2325 excommunicati
1269 2269 1527 2320 Budenses,
1568 2269 1628 2310 ob

367 2354 461 2382 non
507 2351 749 2395 receptum
789 2341 1004 2383 Cat-olum
1044 2340 1218 2396 Regem
1250 2367 1262 2387 ‚
1303 2352 1357 2378 eo
1399 2352 1626 2392 prorupe-

370 2418 479 2450 runt
497 2410 811 2459 temeritatis,
841 2418 893 2450 ut
921 2417 1161 2450 convocato
1196 2410 1364 2460 populo
1385 2435 1399 2455 ,
1430 2412 1630 2448 accensis

369 2481 563 2518 lucernis
584 2507 596 2525 ,
625 2492 840 2518 scamnum
872 2478 1125 2526 Pontificem
1144 2505 1159 2526 ,
1193 2476 1363 2515 Christi
1391 2476 1630 2527 Viennam,

367 2545 745 2598 Archiept’scopos
785 2551 1016 2586 universos
1055 2543 1203 2597 Regni
1240 2545 1533 2598 Hungczricze,
1578 2559 1631 2583 sec

367 2619 490 2654 viros
521 2612 784 2666 relt'gz'osos‘,
815 2617 1101 2654 communiter
1124 2618 1548 2661 excommunicatos,
1571 2613 1632 2651 al-

370 2687 429 2723 tis
458 2682 640 2724 vocibus
669 2685 1011 2736 promulgarint.
