1779 3128
0 318 5 356 Ι

0 357 5 400 Ι

686 227 872 256 Ξ
1403 213 1464 273 69

96 343 285 394 talibus
335 337 663 395 afficiantur,
712 341 765 385 in
817 337 1107 404 diplomate
1160 339 1325 404 Regio
1380 352 1467 383 ex-

94 423 310 492 pressiS,
350 422 439 483 qvi
480 418 547 492 ab
578 422 684 466 eius
711 428 890 466 tenore
916 417 1205 467 discedent.
1275 425 1321 472 8.
1361 417 1467 466 De·

97 506 346 552 stinentur
382 499 729 547 Ecclesiastici
765 501 898 557 viri,
953 499 1171 563 qvibus,
1210 502 1469 546 iuramen-

92 593 144 632 to
178 579 463 639 obstrictis,
518 595 639 627 cura
675 581 740 627 sit
776 578 1120 637 substantiae,
1177 595 1271 646 pro
1307 579 1468 626 Semi-

89 661 245 710 nariis
295 659 522 707 relictae.
603 674 649 721 9.
701 657 1055 707 Conformiter
1092 660 1157 707 ad
1193 660 1462 707 decretum

90 739 311 788 Concilii
347 737 683 797 Tridentini,
736 739 864 788 Sess.
922 739 1112 787 XXIV.
1155 740 1220 787 de
1258 739 1468 788 reform.

88 836 204 886 cap.
262 835 334 868 12.
388 831 438 867 et
488 819 679 886 Synodi
728 817 1090 868 Timaviensis
1144 835 1282 866 anno
1328 818 1470 876 1630.

89 899 418 959 celebratae,
469 916 564 965 per
610 899 892 966 Episcopos
944 901 997 947 in
1050 898 1223 946 officio
1273 898 1471 946 Divino

86 981 214 1028 ritus
255 979 518 1027 Romanus
559 977 934 1027 introducatur.
1017 978 1118 1025 Sub
1160 979 1468 1025 recitatione

89 1057 325 1107 eiusdem
372 1061 423 1106 in
463 1058 651 1117 choro,
689 1057 873 1106 saltem
916 1074 1044 1105 unus
1085 1056 1469 1106 Canonicorum

88 1140 154 1189 sit
191 1154 450 1204 praesens.
522 1138 877 1196 Matutinum,
913 1136 1037 1185 hora
1076 1139 1257 1200 qvinta
1302 1148 1472 1185 matu-

88 1218 197 1266 tina
235 1228 403 1282 potest
441 1215 690 1264 inchoari.
770 1230 841 1266 10.
880 1217 1053 1283 Agant
1085 1217 1368 1283 Episcopi,
1407 1233 1470 1264 ne

86 1294 495 1348 hebdomadales
546 1294 810 1343 nundinae
838 1333 853 1356 ,
905 1299 1030 1345 item
1076 1296 1268 1345 iudicia
1298 1333 1313 1356 ,
1366 1296 1472 1344 Do·

86 1378 327 1434 minicis,
366 1374 635 1439 Festisqve
676 1373 858 1423 diebus
903 1387 1139 1442 agantur.
1216 1390 1287 1423 11.
1324 1374 1471 1423 Bona

86 1457 455 1506 Ecclesiastica
492 1455 622 1502 nulli
660 1454 931 1503 tradantur
968 1457 1019 1503 in
1058 1455 1292 1503 feudum.
1376 1455 1470 1502 Fa-

89 1547 170 1585 cta
208 1553 387 1584 eorum
424 1532 750 1593 infeudatio,
787 1537 1018 1583 irritetur
1053 1551 1082 1582 a
1108 1533 1319 1601 Synodo
1351 1534 1472 1583 Pro-

89 1614 326 1664 vinciali.
413 1629 486 1664 12.
540 1614 716 1674 Libri,
771 1625 821 1662 et
857 1614 1092 1681 supellex
1130 1614 1343 1662 Parochi
1382 1612 1472 1662 de-

90 1695 322 1743 cedentis
361 1695 423 1742 ab
454 1696 728 1753 intestam,
780 1694 1076 1753 Ecclesiae,
1114 1697 1195 1742 cui
1232 1697 1471 1753 servivit,

89 1775 294 1824 cedant.
393 1773 555 1821 Simul
618 1773 675 1822 fit
724 1771 963 1821 Parochis
1014 1773 1298 1822 admonitio
1330 1810 1347 1835 ,
1396 1785 1472 1834 ut,

91 1855 333 1919 qvamvis
385 1850 716 1902 condiderint
768 1863 1167 1912 testamentum,
1217 1852 1347 1901 haec
1397 1864 1477 1902 ta·

89 1950 210 1982 men
248 1936 349 1982 suis
379 1932 625 1981 Ecclesiis
665 1931 978 1997 relinqvant.
1057 1947 1130 1992 13.
1168 1933 1267 1981 Sua
1298 1934 1471 1982 Maie-

92 2025 193 2062 stas
243 2011 671 2080 interpellanda,
725 2024 779 2060 ut
829 2011 1066 2061 titulares
1106 2012 1470 2079 Episcopatus,

92 2095 226 2141 intra
263 2093 504 2159 Regnum
543 2095 861 2140 constitutis:
900 2104 1103 2141 caetera
1138 2110 1265 2140 vero
1302 2093 1468 2141 Bene·

93 2172 209 2220 ficia
247 2171 610 2221 Sacerdotibus
643 2172 979 2220 Dioecesanis
1012 2171 1250 2220 conferre
1289 2170 1469 2238 digne·

94 2262 193 2301 tur.
271 2267 343 2307 14.
382 2251 582 2301 Statuta
629 2250 958 2318 Synodorum
996 2251 1345 2317 superioribus
1382 2267 1473 2300 an-

95 2333 172 2378 nis
222 2330 510 2381 Tirnaviae
556 2331 967 2391 celebratarum,
1028 2334 1078 2380 in
1127 2334 1332 2399 praxim
1381 2330 1471 2380 de·

99 2407 366 2461 ducantur.
413 2413 478 2461 >E
515 2412 700 2477 qvibus
736 2414 951 2460 reiicere
987 2411 1117 2460 nihil
1153 2412 1344 2471 liceat,
1381 2411 1473 2460 ad-

101 2486 223 2535 dere
262 2501 432 2539 autem
469 2492 574 2551 his,
622 2492 846 2541 liberum
896 2503 1022 2541 esto,
1114 2505 1189 2552 15.
1244 2492 1345 2557 Qvi
1395 2509 1473 2540 se-

104 2584 192 2616 cus
243 2571 293 2615 in
339 2571 618 2620 obtinendo
667 2572 966 2635 Beneficio,
1023 2589 1177 2637 qvam
1234 2571 1473 2639 Synodus

97 2649 217 2697 anni
275 2648 412 2712 1630.
460 2655 886 2720 praescripserit,
942 2654 1292 2721 processisse,
1328 2653 1474 2701 dete-

1339 2744 1409 2782 GU
