1779 3128
694 243 881 273 ΕΞ
1376 248 1475 293 113

85 357 433 410 ‚celebravisse
489 352 781 404 ConciIIum
841 356 1166 406 provinciale
1222 356 1466 424 Strigonii

92 456 226 489 anno
259 434 580 485 MCCXCH.
630 433 999 485 documentum
1054 438 1241 504 probat
1280 436 1468 487 eodem

90 535 252 576 anno,
292 528 480 580 atqve,
518 513 720 565 ibidem
758 521 1145 583 conscriptum,
1185 522 1327 567 cuius
1365 519 1466 567 tale

86 610 171 648 est
207 595 503 646 exordium:
552 600 882 646 Lodomerius
917 603 1237 647 miseratione
1271 602 1469 648 Divina

90 683 156 731 A.
191 682 473 740 Episcopus
512 679 874 743 Strigoniensis
908 682 1205 737 Ecclesiae,
1245 699 1332 726 nec
1370 700 1466 728 non

86 761 255 807 eadem
292 762 658 820 dispensatione
686 760 881 806 Divina
917 762 1150 807 Andreas
1179 762 1464 824 sigmensis,

85 841 318 888 Andreas
346 839 687 898 laurinensis,
725 839 998 886 Ladislaus
1029 841 1322 895 Vacimsis,
1361 844 1466 889 An-

76 911 237 966 dreas
278 921 658 980 Vesprimiensis
696 922 1042 966 Ecclesiarum
1079 922 1348 981 Episcopi,
1389 930 1469 967 to-

84 1010 284 1062 tamque
340 1001 621 1061 Capitulum
670 1001 889 1046 eiusdem
952 999 1315 1065 Str-igoniensis
1364 1002 1467 1048 Ec-

85 1081 300 1134 clesiae,
334 1097 393 1125 ac
430 1082 733 1125 universitas
756 1081 1112 1126 praelatorum
1148 1079 1463 1143 Stri'gonien-

85 1161 157 1204 sis
195 1160 506 1215 Provincae,
562 1162 610 1204 in
658 1161 975 1205 Provinciali
1030 1161 1250 1205 Concilio
1302 1163 1465 1206 consi-

85 1222 293 1292 dentes,
332 1241 610 1294 universis,
664 1239 837 1300 quibus
872 1240 1197 1284 ostendentur
1231 1255 1465 1299 praesen-

85 1327 191 1373 tes,
228 1319 440 1362 salutem
472 1320 521 1363 in
551 1318 772 1363 Domino
799 1321 1166 1379 sempiternam.
1203 1316 1267 1380 b)
1339 1316 1467 1365 Erat

84 1394 459 1442 documentum
493 1392 624 1442 illud
660 1397 1007 1461 conscriptum
1052 1399 1160 1443 eius
1204 1395 1308 1443 litis
1346 1396 1464 1444 fini-

83 1474 252 1523 endae
293 1490 478 1533 causa,
518 1490 653 1538 qvae
690 1485 832 1522 mota
878 1476 984 1521 iam
1029 1473 1244 1522 antehac
1293 1474 1464 1523 fuerat

82 1556 223 1602 inter
260 1553 562 1619 Capitulum
599 1556 790 1602 veteris
819 1552 1031 1613 Eudae,
1073 1571 1130 1603 ac
1165 1554 1464 1603 Budensem

83 1636 404 1700 piscatorum
459 1635 780 1683 societatem.
880 1633 1256 1682 Emolumentis
1307 1637 1464 1696 enim,

82 1728 217 1776 qvae
256 1713 559 1779 Praeposito
600 1723 650 1760 et
687 1711 932 1778 Capitulo
980 1712 1097 1761 huic
1133 1716 1466 1779 praestiterat

78 1792 129 1842 S.
156 1791 444 1858 Stephanus
475 1790 706 1840 eiusdem
734 1791 1000 1854 conditor,
1038 1790 1229 1841 adiecit
1262 1792 1311 1842 S.
1347 1793 1462 1841 Rex

81 1871 356 1920 Ladislaus
407 1884 660 1922 tercentas
705 1877 976 1938 sexaginta
1020 1891 1201 1935 pensas
1248 1878 1463 1939 singulis

85 1957 229 2000 annis
264 1956 323 2000 de
358 1971 557 2001 camera
591 1972 701 2002 sua.
775 1951 1041 2001 Concessit
1091 1955 1138 2001 ei
1186 1964 1464 2018 praeterea

80 2025 424 2094 piscaturam,
462 2052 583 2097 qvae
619 2037 768 2098 vulgo
796 2038 989 2098 tlzonya
1024 2036 1249 2091 dicitur,
1286 2052 1318 2080 α
1348 2052 1464 2096 por-

82 2123 140 2158 tu
178 2114 433 2176 Megyer‚
473 2131 621 2177 usqve
659 2116 731 2160 ad
761 2116 975 2161 insulam
1012 2132 1245 2178 magnam
1279 2116 1462 2178 Regis.

83 2189 218 2255 Qvia
251 2207 379 2239 vero
417 2191 540 2238 mali
595 2191 794 2258 Regiae
834 2191 1086 2240 Camerae
1137 2192 1462 2259 dispensato-

81 2284 195 2327 τες,
242 2269 498 2319 voluntati
549 2270 635 2319 SS.
690 2270 894 2336 Regum
941 2287 1195 2337 persaepe
1243 2289 1345 2320 non
1383 2272 1462 2320 fe-

84 2359 263 2396 cerunt
298 2353 448 2398 satis:
500 2352 688 2397 iccirco
736 2349 846 2397 Rex
884 2349 1062 2417 Geysa
1112 2351 1176 2400 ΙΙ.
1227 2349 1292 2398 ad
1327 2353 1461 2418 peti-

85 2427 282 2474 tionem
318 2427 606 2495 Praepositi
642 2428 957 2495 Michaelis,
1011 2428 1132 2479 dato
1169 2430 1458 2498 diplomate

1252 2526 1388 2558 anno

144 2645 196 2701 b)
227 2646 417 2705 Legitur
447 2666 519 2708 ap.
550 2650 759 2711 Peterffy
791 2655 868 2698 cit.
900 2668 975 2710 op.
1007 2655 1062 2697 T.
1097 2654 1153 2697 II.
1188 2669 1294 2714 pag.
1330 2668 1420 2708 129-

748 2749 796 2797 Η
