1779 3128
900 199 1107 219 i

311 193 405 246 ³54

309 329 424 361 eam
475 308 739 377 Synodum
788 309 1040 379 dimittere
1090 313 1274 363 nollet:
1321 311 1674 381 Archiepisco·
1698 319 1741 364 4·

308 407 403 457 pus
453 389 520 437 ad
573 389 836 438 Urbanum
883 391 968 441 VI.
1020 393 1210 460 Papam
1251 397 1479 442 recurrit.
1567 394 1674 444 Nec
1711 436 1727 450 ,

307 473 417 518 sine
454 469 645 519 fructu,
728 469 858 518 Nam
911 476 1211 538 rescriptum
1248 476 1481 539 opinione
1519 476 1675 533 citius,
1709 482 1725 486 ”

306 559 435 615 puta
475 564 607 596 anno
643 555 780 607 1382.
810 548 889 598 die
927 563 1109 600 octava
1131 553 1258 599 Iunii
1297 556 1544 618 signatum
1572 552 1676 599 Ro·
1748 588 1749 592 ,

306 643 459 687 mae,
509 638 559 678 et
597 628 952 694 Strigoniensis
996 630 1372 697 Archiep'iscopi
1418 619 1727 697 postulato'

308 705 530 766 favens,
571 707 635 755 acl
672 708 1021 774 Praepositum
1069 708 1330 757 Ecclesiae
1381 709 1675 757 Bachiensis
1752 703 1755 770 ζ

308 782 661 852 dirigebatur,
701 789 1035 850 e'xeqvutioni
1072 786 1315 837 dandum.
1352 789 1410 853 g)
1485 788 1678 837 Decre-
1754 774 1757 842 ἵ,

307 874 363 914 ta
402 877 722 914 memoratae
754 865 974 930 Synodi,
1013 883 1128 915 cum
1163 882 1265 915 non
1302 865 1594 916 incidissent
1623 869 1677 915 in

305 959 489 992 manus
529 944 794 1004 Pe‘terffii,
829 944 1042 994 subinde
1070 949 1211 1011 typis
1242 943 1467 996 edenda:
1504 962 1677 1012 reper-
1721 973 1724 978 -
1759 948 1763 1007 ᾗ

305 1033 388 1072 tus
428 1034 503 1071 est
550 1023 613 1071 ab
664 1041 725 1071 eo
763 1021 954 1084 codex,
1005 1023 1121 1071 XV.·
1172 1024 1428 1074 Ecclesiae
1463 1023 1677 1071 Saeculo

308 1105 665 1167 conscriptus,
702 1106 752 1153 in
793 1119 924 1166 qvo,
972 1114 1178 1169 praeter
1226 1103 1469 1169 opuscula
1521 1118 1679 1166 qvae·

307 1179 427 1231 dam
464 1182 683 1231 ascetica
705 1218 720 1241 ,
770 1181 1093 1249 legebantur.
1157 1184 1364 1231 Stacuta
1401 1184 1680 1247 synodalia

310 1264 494 1312 Almae
528 1265 786 1309 Ecclesiae
825 1263 1181 1326 Str-[gorziensis
1219 1263 1473 1309 Demetrii
1504 1266 1679 1309 Archi·

311 1344 546 1402 episcopi.
619 1337 846 1404 Cumqve
884 1339 1060 1388 fuisset
1094 1350 1332 1405 expertus
1368 1341 1444 1387 vir
1482 1337 1558 1385 hic
1599 1355 1679 1386 so-

308 1405 650 1478 lertissimus,
691 1417 896 1468 decreta
925 1417 1115 1483 Synodi
1141 1417 1314 1476 huius,
1351 1416 1532 1465 eadem
1569 1434 1678 1468 esse

313 1497 382 1546 ad
417 1499 654 1563 apicem,
692 1513 822 1561 qvae
861 1500 911 1544 in
940 1495 1149 1563 Synodo
1183 1496 1507 1562 Strigoniensi
1544 1513 1678 1544 anno

315 1590 461 1637 1493.
506 1587 660 1641 atqve
707 1564 758 1624 in
807 1576 1074 1638 Nitriensi,v
1123 1593 1256 1625 anno
1305 1586 1552 1639 seqvente
1585 1593 1679 1642 pu·

313 1655 504 1704 blicata
542 1666 688 1714 sunt,
741 1667 954 1722 excepta
1005 1656 1170 1703 solum
1219 1654 1538 1721 praefatione
1576 1657 1678 1702 sin-

312 1733 505 1798 gulari:
551 1733 658 1782 Nec
707 1752 800 1800 ego
836 1737 1115 1800 separatim
1152 1733 1469 1792 recensebo,
1506 1732 1678 1799 prolo-

316 1815 494 1876 qvium
533 1811 777 1862 duntaxat
824 1812 905 1862 hic
944 1814 1224 1872 relaturus,
1275 1812 1409 1878 qvod
1459 1814 1677 1873 evincet,

313 1890 448 1941 hanc
511 1892 771 1959 Synodum
799 1931 813 1954 ,
883 1891 1242 1942 tantummodo
1301 1892 1677 1943 Dioecesanam

310 1970 491 2021 fuisse.
563 1973 640 2023 Ita
675 1990 800 2021 vero
836 1972 1016 2021 habet:
1056 1975 1197 2021 Sicut
1225 1976 1402 2019 doctor
1436 1989 1675 2031 summus,

311 2063 365 2099 et
401 2057 632 2117 egregius
670 2054 720 2100 S.
758 2057 1074 2117 Augustinus
1116 2062 1336 2099 testatur
1370 2055 1419 2097 in
1456 2053 1583 2098 libro
1618 2053 1679 2097 de

294 2132 406 2193 fide
461 2135 748 2179 Christiana
799 2134 1058 2179 catholica
1084 2149 1106 2178 .·
1153 2134 1428 2180 Ecclesiam
1471 2148 1559 2191 per
1593 2148 1675 2176 or·

308 2212 416 2257 bem
453 2209 696 2271 diffusam
715 2245 730 2269 ,
779 2212 942 2259 tribus
990 2213 1152 2258 modis
1197 2213 1411 2257 existere
1456 2227 1677 2269 compro-

1525 2289 1611 2334 ba·

365 2434 420 2492 g)
450 2433 639 2490 Legitur
680 2447 761 2486 ap‚.
790 2432 996 2488 Pe‘terffy
1045 2433 1125 2475 cit.
1169 2445 1243 2485 op.
1289 2432 1342 2474 T.
1373 2431 1408 2477 I.
1439 2445 1545 2487 pag.
1579 2440 1670 2482 180.

420 2504 502 2554 Ap.
543 2502 665 2556 Pray
706 2501 782 2542 cit.
827 2515 899 2554 op.
940 2510 1070 2554 parte
1111 2503 1145 2543 I.
1186 2514 1289 2556 pag.
1331 2504 1396 2545 66.
1464 2503 1548 2553 Ap.
1579 2499 1705 2538 RR.'

422 2569 585 2613 Koller
631 2570 708 2610 cit.
754 2571 890 2610 toties
932 2582 1070 2621 opere
1121 2568 1253 2609 Tom.
1296 2569 1376 2612 ΙΙΙ.
1431 2582 1532 2624 pag.
1585 2576 1676 2620 189.

422 2640 546 2693 Qvae
580 2637 637 2678 ad
668 2636 988 2693 biographiam
1020 2635 1150 2679 huius
1181 2635 1551 2689 Archi-Episcopi
1575 2648 1673 2690 spe·

422 2714 574 2756 etant,
604 2705 711 2764 lege
744 2719 809 2761 ap.
841 2703 1062 2748 Schmitth
1093 2704 1138 2746 in
1168 2706 1217 2749 A.
1247 2705 1329 2760 Ep.
1359 2703 1496 2762 Strig.
