1779 3128
281 223 346 270 52
691 247 693 250 .
870 211 1056 230 “···“““

283 341 430 399 gatos
465 327 672 394 Papae,
721 324 978 375 hostiliter
1033 334 1392 392 perseqvatur.
1467 338 1510 374 2.
1550 322 1656 372 Ne·
1698 307 1703 331 ³
1761 347 1770 365 ι-

282 428 366 458 mo
403 408 826 465 Ecclesiasticus,
887 406 1171 464 auxilium,
1207 406 1515 462 consilium,
1563 403 1655 452 vel
1694 411 1732 439 ἱ

282 489 523 536 favorem
571 487 706 534 laico
753 487 999 536 adversus
1031 484 1292 534 Ecclesias
1317 522 1330 543 ,
1387 496 1436 532 ct
1474 483 1655 532 Eccle-
1690 537 1699 544 ι

282 570 515 616 siasticos
550 577 798 633 praestet.
868 579 915 624 3.
953 565 1031 613 Ne
1071 567 1182 628 qvis
1213 564 1534 612 Beneficium
1561 564 1656 612 Ec·
1702 564 1723 639 ᾖ

282 646 631 694 clesiasticum
663 648 825 692 maius
847 682 862 706 ,
900 644 987 692 vel
1022 646 1222 702 minus,
1270 660 1300 691 a
1331 642 1464 690 laico
1500 645 1657 691 susci·
1705 648 1717 679 ⁴³

282 727 412 792 piat.
491 739 539 780 4.
588 724 854 772 Bonorum
906 721 1388 771 Ecclesiasticorum
1436 722 1657 773 violenti

285 814 656 869 occupatores,
707 805 808 851 sint
849 805 962 869 ipso
1012 800 1149 851 facto
1199 805 1659 864 excommunicati3
1773 831 1779 840 ·

285 883 425 948 qvod
460 885 501 930 si
536 883 656 931 tunc
690 886 845 930 etiam
882 882 1016 929 infra
1041 883 1298 930 trimestre
1325 884 1548 947 spatium
1575 899 1660 930 oc·
1776 875 1779 882 ’

283 973 470 1028 cupata
509 978 609 1009 non
651 959 1009 1018 reddiderint,
1068 963 1365 1025 qvicunqve
1403 964 1462 1008 iis
1500 961 1663 1009 obno-

283 1044 387 1099 xii,
440 1057 469 1088 a
507 1040 770 1088 fidelitatis
807 1039 1057 1104 ligamine
1109 1040 1210 1087 sint
1255 1041 1460 1106 penitus
1508 1040 1664 1090 liberi

290 1130 388 1168 ete.
457 1134 504 1179 5.
543 1117 734 1165 Clerici
771 1117 946 1183 palam
983 1118 1369 1178 concubinarii,
1429 1131 1662 1169 cessante
1725 1111 1739 1177 ἦ

283 1214 455 1265 poena
493 1199 1069 1255 excommunicationis,
1107 1215 1199 1264 per
1226 1197 1520 1264 Philippum
1552 1198 1663 1247 Fir·

286 1294 499 1324 manum
547 1274 690 1324 Sedis
739 1276 919 1341 Apost.
976 1276 1233 1342 Legatum
1297 1281 1662 1345 pronunciata,

263 1362 642 1422 *proventuum
679 1352 887 1402 suorum
925 1366 1110 1420 qvarta
1145 1366 1293 1421 parte
1332 1368 1558 1406 careant.
1615 1357 1663 1408 6.

288 1433 638 1492 Praeclarum,
678 1444 728 1482 et
764 1434 1035 1483 turbarum
1082 1435 1411 1501 publicarum
1457 1448 1663 1485 autores

288 1525 405 1580 post
445 1514 793 1562 frustraneam
831 1515 1077 1581 Episcopi
1116 1518 1457 1562 monitionem
1481 1552 1496 1574 ,
1552 1518 1666 1581 ipso

288 1594 426 1642 facto
465 1597 564 1642 sint
602 1597 1069 1653 excommunicati,
1108 1605 1157 1642 et
1194 1597 1234 1642 si
1272 1593 1467 1642 fuerint
1501 1593 1666 1642 Cleri·
1726 1604 1728 1606 ’

288 1676 369 1731 ci,
410 1673 690 1722 Beneficiis
729 1690 939 1738 qvoqve
975 1676 1265 1739 priventur.
1348 1687 1397 1735 7.
1436 1674 1666 1739 Qvicun·
1723 1670 1752 1699 >⁴

290 1769 389 1817 qve
429 1756 1017 1802 excommunicationem
1054 1770 1083 1801 a
1119 1752 1315 1820 Legato
1352 1756 1667 1820 pronuncia·
1720 1791 1728 1798 t
1760 1759 1761 1767 ¹

288 1843 397 1880 tam
449 1833 513 1881 ob
553 1849 654 1881 non
705 1844 972 1900 receptum
1024 1833 1258 1900 Regem,
1311 1843 1400 1881 aut
1449 1843 1667 1898 propter
1725 1822 1729 1830 ’

294 1924 544 1978 occupata
589 1912 735 1960 Bona
774 1913 1166 1972 Ecclesiastica,
1219 1912 1307 1960 vel
1358 1912 1667 1960 violentiam

293 1991 623 2040 Praesulibus
651 1992 882 2051 illatam,
921 2004 1326 2059 occupatamve,
1366 2002 1454 2039 aut
1487 1990 1667 2039 deten-
1721 2044 1724 2051 ,
1764 1979 1765 1988 ¹

293 2080 400 2118 tam
426 2071 594 2138 Regni
622 2072 920 2138 Hungariae
955 2072 1212 2122 Coronam
1240 2075 1584 2128 incurrerunt,
1605 2069 1664 2132 z)

1442 2161 1600 2214 atqve

346 2322 394 2371 z)
424 2320 712 2363 violentiam
756 2322 828 2364 hic
871 2324 1089 2381 intelligo
1137 2321 1363 2365 Praelatis
1395 2320 1576 2361 illatam
1610 2317 1667 2359 ab

404 2390 680 2431 adversariis
724 2392 880 2433 Caroli
922 2394 1059 2449 Regis
1102 2400 1391 2444 propterea,
1431 2389 1557 2442 qvod
1595 2388 1671 2430 In-

403 2457 607 2497 terdicto
650 2457 810 2515 Legati
843 2460 1028 2513 Papalis
1061 2458 1359 2512 obseqvuturi
1380 2486 1394 2506 ,
1435 2455 1672 2499 Ecclesias

409 2527 548 2564 certis
581 2525 742 2566 diebus
777 2541 983 2568 reserare
1016 2527 1231 2576 nollent,
1279 2536 1326 2567 et
1354 2525 1412 2566 ad
1443 2532 1671 2565 reseratas

405 2594 834 2637 excommunicatos
853 2624 867 2643 ,
890 2595 962 2636 vel
988 2596 1259 2636 nominatim
1283 2593 1552 2636 interdictos
1573 2603 1668 2633 nou
1727 2597 1729 2600 “

407 2660 728 2708 admitterent.
799 2663 1064 2704 Cuiusmodi
1110 2663 1412 2705 interdictum
1456 2659 1592 2702 fuisse
1624 2659 1672 2700 in

1459 2726 1615 2770 Eccle-
