1779 3128
292 235 355 277 4ο

290 342 373 390 Ne
410 336 755 389 saecularibus
792 339 1004 406 vigiliae
1039 340 1092 387 in
1127 337 1405 397 Ecclesiis,
1442 355 1574 405 prop
1599 323 1680 388 fer
1748 340 1779 451 te]

1755 409 1772 455 i

293 418 566 478 scandala,
602 419 996 483 permittantur,
1048 417 1233 466 demtis
1270 430 1446 467 tamen
1482 417 1667 466 Eccle-

293 501 410 556 siis,
447 500 498 545 in
537 497 722 560 qvibus
758 497 821 545 ab
860 500 1073 562 antiqvo
1111 498 1224 545 fieri
1264 514 1579 546 consveveru
1595 507 1670 547 nt.

294 592 376 635 45.
431 575 673 624 Obstricti
717 574 782 623 ad
836 575 1047 624 chorum
1078 612 1092 634 ,
1152 576 1335 625 saltem
1387 579 1666 635 matutino,
1719 638 1721 642 ι
1764 579 1779 605 ’·’

293 655 521 714 Missae,
571 669 630 702 ac
665 654 905 720 Vesperis
950 657 1205 704 intersint.
1286 653 1669 703 Socordes‘no-
1718 694 1721 709 2
1772 660 1777 665 ’

293 743 495 792 tentur,
542 743 592 781 et
642 731 1083 782 distributionibus
1123 732 1257 793 diei,
1309 751 1411 798 qvo
1450 734 1668 782 aberant

294 812 490 877 absqve
527 827 676 860 causa
715 812 1040 873 rationabili,
1095 815 1206 878 ipso
1243 813 1381 861 facto
1419 815 1520 861 sint
1556 815 1664 879 pri-

295 893 423 940 vati.
505 891 586 946 46.
638 891 788 949 Mos,
842 901 895 938 ut
944 908 1039 957 per
1087 890 1528 949 Archidiaconos,
1567 908 1670 940 una

296 987 469 1019 marca
517 972 716 1035 argenti
777 969 840 1018 ab
897 986 1074 1017 eorum
1122 969 1346 1029 funere,
1409 972 1498 1034 qvi
1548 986 1669 1019 casu

293 1049 508 1099 fortuito
545 1059 660 1096 sunt
696 1050 959 1113 oppressi,
997 1046 1327 1107 destituatur,
1366 1048 1665 1096 omnimode

293 1126 651 1193 reprobandus
697 1137 788 1175 est.
835 1126 897 1188 k)
980 1139 1063 1186 47.
1098 1125 1429 1186 Saeculares,
1469 1127 1669 1192 publici

296 1205 648 1254 concubinarii
695 1205 819 1253 dum
869 1205 1102 1264 fuerint,
1162 1217 1278 1271 post
1325 1209 1668 1255 monitionem

294 1287 626 1352 pervicaceS,
665 1285 728 1333 ab
766 1287 996 1350 ingressu
1025 1283 1286 1332 Ecclesiae
1325 1287 1516 1333 arceri:
1556 1303 1667 1334 cre·

293 1374 468 1412 scente
518 1366 870 1421 contumacia,
919 1379 1015 1429 per
1050 1362 1399 1411 Dioecesanos
1453 1363 1670 1430 rigidius

294 1460 504 1509 qvoqve
538 1444 710 1509 puniri
758 1441 968 1491 debent.
1049 1448 1129 1497 48.
1167 1441 1332 1489 Nemo
1368 1445 1668 1491 meretrices

294 1523 345 1569 in
384 1520 656 1581 domibuS,
705 1521 792 1569 vel
836 1520 1242 1588 possessionibus
1281 1522 1382 1568 suis
1419 1522 1668 1587 patiatur,

293 1600 387 1648 sub
424 1617 592 1666 poena
629 1599 983 1666 prohibitionis
1016 1599 1080 1649 ab
1115 1602 1347 1665 ingressu
1380 1599 1666 1662 Ecclesiae,

294 1690 346 1727 et
394 1680 845 1727 Sacramentorum
890 1694 1002 1727 usu.
1088 1678 1235 1744 Qvae
1289 1695 1456 1745 poena
1507 1681 1667 1728 etiam

292 1757 360 1807 ad
395 1758 630 1826 publicos
675 1756 934 1806 adulteros
964 1793 979 1816 ,
1029 1768 1182 1821 atqve
1221 1759 1569 1807 incoestuosos
1608 1775 1668 1805 u-

291 1841 526 1902 triusqve
575 1853 723 1885 sexus
753 1873 768 1894 ,
818 1836 1024 1885 extendi
1074 1837 1298 1885 iubetur.
1391 1851 1472 1899 49.
1522 1836 1668 1886 Bona

293 1916 760 1971 decedentiumwex
794 1915 888 1964 hac
940 1919 1049 1964 vita
1088 1915 1439 1975 Clericorum,
1489 1930 1666 1963 saecu·
1724 1959 1728 1965 ,

290 1997 511 2085 larium,
549 2007 599 2044 et
635 1994 976 2061 regularium,
1011 2011 1103 2061 per
1128 1995 1288 2043 laicos
1316 2012 1381 2042 ne
1409 2012 1667 2060 occupen-

292 2087 408 2136 tur,
445 2076 536 2125 sub
575 2090 746 2142 poena
783 2073 1088 2122 exclusionis
1126 2074 1188 2121 ab
1226 2077 1457 2140 ingressu
1487 2074 1666 2122 Eccle-

293 2158 434 2216 siae,
473 2166 523 2204 et
554 2154 1000 2203 Sacramentorum
1030 2155 1459 2219 participatione,
1500 2170 1664 2217 usqve

293 2233 417 2283 dum
453 2244 704 2300 occupata
753 2235 1103 2281 restituantur.
1186 2246 1267 2290 50.
1304 2232 1452 2279 Bona
1486 2232 1665 2279 Ecclea

293 2317 520 2375 siarum,
566 2329 624 2361 ac
670 2312 1141 2372 Monasteriorum‚
1194 2310 1336 2358 nullo
1388 2310 1479 2357 sub
1516 2326 1666 2375 prae-

1485 2399 1594 2437 tex·

348 2520 400 2578 k)
432 2523 527 2565 Non
561 2523 745 2566 desiisse
776 2531 882 2577 post
915 2522 1048 2565 istam
1081 2520 1459 2562 constitutionem
1481 2549 1494 2568 ,
1526 2518 1666 2562 illau-

403 2592 605 2634 dabilem
637 2591 754 2647 hunc
784 2604 992 2637 morem,
1024 2590 1238 2632 discimus
1272 2602 1326 2629 ex
1358 2598 1432 2631 art
1477 2602 1516 2631 α.
1548 2587 1664 2630 anni

404 2673 524 2715 1351.
558 2669 641 2702 art.
673 2673 738 2713 39.
773 2670 888 2712 1439.
923 2658 1033 2698 item
1067 2667 1152 2703 art.
1185 2661 1249 2709 63.
1285 2661 1401 2706 1486.
1435 2665 1531 2697 tum
1561 2663 1652 2698 art.

402 2740 469 2781 29.
502 2727 605 2770 anni
641 2738 759 2780 1492.
793 2726 990 2780 deniqve
1023 2734 1108 2769 art.
1143 2728 1182 2770 6.
1215 2726 1322 2769 anni
1356 2733 1473 2779 1495.
1538 2785 1541 2787 Δ
