1779 3128
644 224 824 232 ——-—-—-

642 191 826 218 ‘'···''·''''
1326 202 1426 249 205

55 331 190 364 anno
244 324 384 374 1545.
430 309 727 362 celebravit.
819 312 978 364 Natus
1040 311 1235 362 Cibinii
1291 308 1428 380 apud

52 396 354 444 Sarosiensis
380 429 395 453 ,
445 392 530 440 ubi
564 404 795 443 teneram
850 405 1071 445 aetatem
1110 395 1271 444 literis
1307 408 1430 440 con-

49 475 380 531 secravisset‚
431 472 634 520 Ioannis
682 468 742 522 de
780 471 1012 540 Zapolya
1050 473 1206 540 Regis
1243 471 1431 521 Aulam

47 563 399 609 consectatuS‚
435 562 550 619 post
586 556 787 600 minora
831 551 1161 612 Sacerdotia,
1204 553 1425 618 Praepo-

48 635 259 681 situram
279 631 444 680 Albae
469 631 665 697 Regiae
699 634 1121 698 conseqvebatur.
1157 631 1217 694 v)
1274 630 1429 679 Cum·

49 727 144 778 qve
170 711 358 781 *eidem
396 727 529 758 anno
573 724 712 770 1530.
750 710 928 762 Eudae
970 729 1061 778 per
1097 709 1428 776 Regendorf-
1500 730 1506 735 ·

50 784 185 840 1111111
226 790 465 847 obsesso,
516 789 650 838 clam
699 789 871 840 edulia
922 791 1431 846 subministravisset‚

51 870 194 920 illum
244 870 340 919 sibi
388 885 700 937 magnopere
753 869 997 921 devinxit.
1050 869 1109 932 x)
1195 866 1300 917 Sed
1335 866 1432 916 hoc

45 953 153 1001 vita
192 951 402 1007 funct0,
450 951 679 1016 coniugis
735 950 982 999 Isabellae
1016 952 1244 1015 regimen
1281 963 1431 996 aver·

45 1041 216 1087 satus,
254 1027 582 1079 Ferdinando
631 1030 668 1079 I.
725 1027 987 1087 adhaesit,
1038 1031 1328 1079 nominatus
1367 1026 1432 1075 ab

49 1108 139 1156 illo
178 1107 259 1156 die
300 1125 376 1156 20.
419 1108 685 1167 Octobris,
724 1125 858 1156 anno
893 1123 1032 1168 1541.
1067 1108 1430 1173 Qvinqve-Ec-

46 1188 317 1244 clesiarum
353 1186 601 1236 Antistes.
635 1187 712 1250 y)
803 1188 946 1252 Qvae
982 1199 1154 1236 tamen
1190 1191 1428 1236 nomina-

50 1270 123 1316 tio
145 1303 159 1324 ,
195 1265 398 1316 videtur
434 1265 752 1329 aliqvantulo
789 1278 1019 1333 tempore
1057 1266 1257 1314 silentio
1290 1284 1430 1334 pres-

47 1363 105 1396 sa
142 1347 329 1406 fuisse,
368 1361 483 1394 cum
519 1348 679 1394 serius
702 1383 716 1406 ‚
769 1357 945 1413 utpote
979 1349 1221 1396 vicesima
1260 1363 1433 1396 secun-

1292 1425 1358 1473 da

163 1560 343 1602 docum.
377 1573 448 1612 ap.
482 1556 692 1614 Peterffy
720 1559 774 1600 T.
807 1555 838 1602 Ι.
870 1573 974 1616 pag.
1010 1572 1102 1611 199.
1145 1566 1191 1598 et
1220 1571 1291 1612 ap.
1322 1558 1426 1600 Wa-

161 1639 277 1686 gner
308 1628 506 1669 analect.
541 1628 721 1681 scepus.
754 1636 884 1681 parte
929 1631 966 1671 Ι.
1006 1630 1244 1682 ρᾶςβὸε.
1312 1626 1427 1666 Rur-

160 1710 232 1737 sus
263 1706 448 1744 tamen,
491 1697 548 1737 ad
573 1696 855 1749 petitionem
899 1695 1082 1736 Ioannis
1125 1692 1334 1734 Horvzith
1367 1694 1424 1734 de

159 1764 437 1813 Lcmnicza,
469 1765 563 1807 eius
596 1765 816 1816 temporis
847 1763 1138 1816 Praepositi,
1171 1763 1292 1803 idem
1326 1762 1424 1802 Leo

160 1831 416 1880 Pontifex,
459 1832 567 1874 dato
612 1833 748 1874 Brevi
788 1831 1090 1884 Apostolico,
1133 1832 1291 1884 qvinto
1324 1831 1425 1872 idus

158 1900 267 1943 Iulii
299 1914 418 1943 anno
455 1913 575 1955 1515.
609 1900 783 1942 cunctis
816 1900 1102 1954 Praepositis
1134 1899 1221 1940 1100
1253 1891 1299 1940 in
1327 1914 1425 1940 mu-

158 1981 269 2010 nere
300 1969 635 2011 successoribus
655 1998 670 2018 ,
699 1969 901 2010 Pristina
932 1969 1161 2012 reddebat
1190 1969 1307 2009 iura.
1357 1969 1429 2008 Vi-

168 2037 225 2077 de
247 2051 317 2090 ap.
338 2039 538 2092 Wagner
556 2037 634 2083 cit,
655 2050 728 2089 op.
752 2046 797 2077 et
828 2043 1100 2093 parte,'pag.
1129 2049 1224 2091 372.
1282 2036 1331 2088 v)
1362 2036 1430 2077 Ex

165 2105 349 2146 docum.
385 2119 456 2158 ap.
489 2105 580 2149 RR.
614 2105 776 2148 Koller
818 2106 862 2145 in
909 2105 1020 2158 Epp.
1066 2105 1233 2160 Qvinq.
1279 2104 1332 2147 T.
1376 2105 1427 2151 V,

163 2187 269 2230 pag.
302 2178 395 2228 263.
429 2183 475 2214 et
505 2184 598 2229 283.
670 2173 758 2214 Sed
799 2171 1052 2214 difficulter
1084 2174 1348 2222 discernas,
1380 2187 1428 2214 u·
1474 2168 1477 2169 ⁷

162 2250 285 2281 trum
318 2242 363 2282 in
396 2241 518 2285 Eccl.
550 2242 600 2283 Β.
633 2243 680 2282 V.
714 2251 792 2282 aut
821 2241 861 2284 S.
886 2241 1067 2282 Nicolai
1093 2250 1225 2282 extra
1255 2254 1426 2285 muros:

163 2309 298 2350 Velut
330 2311 511 2352 adverti
543 2311 589 2351 in
619 2312 851 2353 Amoenit.-
883 2310 1050 2352 Fascio.
1083 2311 1130 2352 V.
1163 2324 1284 2355 num.
1317 2314 1349 2354 Ι.
1382 2312 1430 2352 in

162 2377 326 2418 notula
357 2378 522 2420 ultima
553 2379 606 2423 ad
640 2376 678 2436 ᾗ.
712 2392 776 2420 «21.
835 2382 886 2432 x)
918 2375 1137 2434 Istvanffy
1182 2378 1307 2419 libro
1349 2380 1426 2422 XI.

162 2456 265 2499 pag.
301 2445 409 2485 mihi
454 2460 542 2502 171.
600 2451 796 2491 Ioannes
837 2446 1067 2503 Zermegh
1105 2448 1152 2488 in
1194 2446 1299 2491 hist.
1331 2460 1422 2489 rer.

166 2521 399 2566 gestarum
432 2514 552 2555 inter
581 2515 714 2558 Ferd.
747 2525 792 2556 et
823 2513 1042 2556 Ioannem
1068 2544 1084 2564 ‚
1129 2514 1253 2557 libro
1295 2516 1355 2561 ΙΙ.
1387 2514 1426 2574 §.

166 2593 204 2622 2.
238 2579 359 2620 inter
386 2580 641 2635 Scriptores
673 2598 763 2626 rer.
789 2584 937 2641 Hung.
959 2584 1071 2627 edit.
1099 2582 1427 2626 Schwandtne-

165 2647 321 2687 rianae
347 2677 357 2695 ,
395 2657 522 2690 tomo
554 2652 610 2695 ΙΙ.
650 2667 753 2709 pag.
785 2665 880 2703 402.
953 2652 1004 2707 y)
1037 2652 1253 2704 Diploma
1280 2652 1422 2693 coila-

164 2715 338 2756 tionale
370 2730 438 2771 ap.
470 2718 562 2762 RR.
593 2720 754 2764 Koller
792 2722 868 2765 cit.
902 2730 1031 2762 tomo
1055 2751 1066 2769 ,
1098 2736 1201 2777 pag.
1236 2731 1326 2768 292.
