1779 3128
271 186 336 246 56
875 192 1061 225 ’,τε-ἣ·-

806 300 856 373 §.
925 307 1140 358 XXvu.

525 452 715 529 Caput
756 455 844 513 II.
893 456 1060 513 circa
1098 454 1240 514 Die.
1287 453 1394 530 off

406 626 604 694 Capitis
633 627 874 688 secundi,
901 646 1041 679 num.
1086 644 1126 678 1.
1178 629 1277 678 Sub
1302 633 1450 696 gravi
1478 634 1649 679 anim-

272 706 580 756 adversione
625 711 941 776 praecipitur
985 707 1431 776 Archi-Episcopo
1491 709 1644 758 Colo·

272 790 445 847 censi,
487 799 538 836 et
578 788 838 855 Episcopo
871 788 1237 854 Zagrabiensi‚
1274 799 1328 836 ut
1352 788 1644 849 Breviario‚

271 883 333 915 ac
384 868 587 916 Missali
638 869 874 917 Romano
921 878 1145 917 utantur.
1226 869 1284 916 In
1322 867 1645 917 Cathedrali-

268 947 399 1007 buS‚
449 959 499 996 et
541 947 840 1014 Collegiatis
891 946 1172 1008 Ecclesiis‚
1223 945 1380 995 horae
1418 945 1641 996 Canoni-

272 1043 364 1074 cae
399 1043 427 1075 a
463 1028 746 1086 Matutino,
786 1044 945 1092 usqve
982 1025 1049 1074 ad
1081 1025 1530 1095 Completorium,
1565 1029 1644 1075 in-

267 1116 412 1172 tegre
450 1105 792 1154 decantentur
816 1106 1075 1171 qvotidie‚
1115 1123 1229 1155 eam
1264 1106 1328 1155 ob
1367 1124 1496 1166 rem,
1527 1108 1650 1171 qvia

270 1191 349 1233 vel
380 1192 485 1248 ipso
522 1192 760 1235 horarum
802 1191 1163 1235 canonicarum
1211 1190 1436 1246 nomine,
1487 1192 1644 1234 Cano-

273 1270 377 1313 m‘ci
407 1270 478 1314 ad
508 1269 565 1313 id
589 1270 979 1328 praestandum,
1028 1284 1135 1314 sese
1178 1268 1456 1330 obligatos,
1509 1270 1643 1313 inve-

270 1349 377 1393 nire
409 1357 637 1407 possunt.
711 1361 755 1394 2.
791 1346 955 1394 Missa
996 1360 1201 1410 qvoqve
1251 1342 1327 1391 his
1380 1346 1430 1391 in
1467 1343 1645 1404 Eccle-

267 1426 387 1491 ¹siis,
425 1441 606 1483 mane,
659 1441 718 1472 ac
753 1423 879 1486 hora
914 1440 1079 1482 nona,
1130 1422 1362 1488 qvotidie
1400 1422 1644 1471 decante-

269 1513 370 1552 tur.
441 1503 613 1552 Sicubi
649 1519 752 1552 non
787 1514 960 1569 posset
991 1514 1265 1567 utrumqve
1304 1503 1447 1560 fieri,
1487 1517 1640 1550 mane

265 1580 498 1643 legatur,
539 1585 793 1648 posterius
831 1594 1070 1631 cantetur
1096 1582 1276 1630 Missa.
1347 1594 1395 1639 3.
1434 1582 1643 1648 Episco-

273 1663 330 1728 pi
369 1661 546 1710 diebus
576 1665 732 1710 etiam
767 1661 1029 1728 profestis,
1066 1663 1284 1710 Missam
1313 1660 1638 1725 freqventius

269 1741 554 1799 celebrent,
579 1752 628 1789 et
653 1741 883 1805 qvotidie
906 1741 1136 1790 audiant.
1207 1756 1254 1797 4.
1295 1741 1484 1789 Missas
1512 1739 1644 1787 Pon-

267 1820 525 1878 tifieales,
577 1819 719 1868 festis
785 1819 962 1868 diebus
1013 1820 1362 1869 Ecclesiarum
1414 1835 1642 1877 suarum,

266 1897 409 1947 haud
456 1902 815 1948 intermittant.
899 1899 1148 1948 Canonici
1203 1915 1409 1963 qvoqve
1457 1901 1510 1946 in
1548 1898 1644 1945 Ec·

267 1979 438 2027 clesiis
476 1981 609 2036 suis,
648 1980 866 2027 Missam
911 1979 1174 2027 celebrent
1209 1978 1530 2041 freqventer.
1593 1992 1644 2036 5.

266 2058 316 2107 A
367 2058 674 2106 Rectoribus
725 2058 998 2119 altarium,
1050 2069 1099 2106 et
1138 2056 1515 2123 Capellarmn,
1564 2058 1644 2104 in-

267 2139 486 2186 tentioni
527 2135 858 2185 fundatorum
891 2137 1124 2186 satisfiat.
1195 2137 1242 2185 6.
1282 2134 1495 2183 Parochi
1532 2134 1642 2183 die-

266 2215 364 2265 bus
404 2216 580 2275 festis,
617 2216 833 2263 Missam
873 2233 968 2281 pro
1005 2215 1196 2282 populo
1223 2213 1396 2262 dicere
1425 2230 1526 2260 non
1565 2216 1643 2259 in-

269 2298 574 2343 termittant.
642 2308 691 2353 7.
732 2296 928 2361 Ignoti,
967 2297 1074 2342 sine
1101 2294 1262 2341 literis
1304 2290 1638 2351 commenda-

268 2376 426 2429 titiis,
477 2372 542 2420 ad
587 2373 881 2439 peragenda
928 2373 1118 2429 Sacra,
1171 2387 1272 2419 non
1312 2369 1644 2420 admittendi.

268 2458 317 2505 8.
361 2452 749 2500 pontificalibus
787 2454 1015 2517 insigniis
1057 2453 1127 2498 uti
1160 2449 1329 2498 aliena
1380 2453 1432 2496 in
1482 2449 1642 2498 Dioc-

268 2534 408 2590 cesi‚
457 2531 648 2594 absqve
689 2530 889 2595 indultu
924 2530 1217 2586 Ordinarii,
1268 2540 1471 2576 cautum
1512 2540 1639 2579 esto·

272 2611 375 2678 Qvi
412 2613 451 2658 si
488 2610 641 2658 fuerit
676 2625 946 2677 praesem,
985 2610 1091 2656 eius
1129 2607 1487 2658 tantummodo
1525 2624 1636 2656 cum

1494 2702 1569 2735 m·-
