1779 3128
275 209 369 251 242
866 196 1052 229 ===

273 315 414 364 tibus
451 313 720 381 pulsentur
755 329 1072 379 campanae,
1108 333 1203 362 non
1228 325 1423 363 tantum
1456 316 1529 362 ad
1554 317 1639 362 de-

267 398 542 459 pellendam
571 405 910 454 tempestatem
931 431 946 453 ,
985 396 1093 442 Dei
1116 398 1331 452 virtute,
1369 413 1508 458 qvam
1529 413 1640 456 pre·

274 492 353 522 ces
389 475 677 532 Ecclesiae,
717 490 866 520 sacra
918 492 1269 535 campanarum
1304 476 1642 521 benedictione

273 556 533 600 obtinent:
567 555 660 598 sed
693 556 970 609 etz'a771,‘ut
988 554 1172 615 fideles
1198 571 1253 599 eo
1287 567 1409 599 sono
1443 556 1637 600 excita-

271 636 344 689 ti,
397 632 505 679 Dei
553 634 946 677 mekericora'mm
991 635 1269 692 implorent.
1362 643 1436 689 15.
1485 629 1638 679 Colu-

271 726 423 758 mnae
459 712 509 757 in
546 711 644 756 viis
681 708 935 773 publicis,
973 725 1088 756 cum
1120 723 1265 769 sacra
1297 710 1518 773 imagine
1551 707 1643 757 vel

272 805 422 836 cruce
462 799 865 846 conserventur,
917 798 1071 851 atqve
1108 789 1344 852 congruis
1381 787 1538 845 locis,
1575 785 1641 836 ad

274 866 601 915 excitandam
638 868 1082 932 praetereuntium
1111 882 1278 913 novae
1311 865 1643 914 collocentur.

279 949 355 994 16.
398 946 543 994 Ritus
581 956 851 1011 praeterea
900 942 1245 994 benedicendi
1281 955 1515 1011 segetes,
1565 961 1643 993 sa-

272 1043 385 1075 cros
435 1028 632 1072 cineres
682 1027 830 1072 initio
882 1023 1306 1090 qvadragesimae
1337 1060 1352 1083 ,
1401 1022 1643 1072 candelas

273 1105 406 1153 festo
463 1103 840 1152 Purificationis
891 1103 953 1151 Β.
1009 1104 1089 1151 Μ.
1144 1103 1206 1152 V.
1251 1102 1450 1169 palmas
1499 1106 1645 1164 item,

273 1184 547 1231 Dominica
582 1182 911 1242 Palmarum,
949 1198 1136 1247 aqvam
1171 1183 1381 1248 singulis
1410 1182 1646 1231 Domini-

274 1265 371 1321 εἰς,
421 1273 471 1310 et
517 1262 651 1309 aliae
701 1272 977 1312 consvetae
1025 1263 1079 1309 in
1126 1261 1356 1309 Ecclesia
1391 1263 1641 1310 caerimo-

273 1344 389 1389 niae
427 1341 779 1390 observentur.
857 1354 930 1401 17.
970 1339 1183 1389 Parochi
1207 1342 1478 1388 viciniores
1502 1341 1645 1389 Ana-

272 1419 510 1488 baptistis
546 1420 853 1486 invigilent,
889 1436 956 1468 an
987 1419 1146 1467 ullum
1183 1417 1531 1467 Christianum
1565 1435 1646 1468 se-

274 1499 482 1548 ducant.
566 1499 722 1562 Siqve
773 1501 846 1547 ita
893 1515 972 1546 res
1009 1497 1199 1557 habet,
1237 1497 1512 1546 confestim
1547 1497 1646 1546 Or·

277 1576 535 1626 dinarium
583 1577 936 1637 admoneant,
992 1589 1045 1626 ut
1088 1577 1227 1625 malo
1275 1577 1527 1628 obvietur.
1580 1576 1642 1640 u)

283 1663 358 1710 18·
399 1656 581 1705 Cuncti
620 1659 828 1705 omnino
868 1656 1201 1715 Beneficiati,
1251 1658 1341 1720 qvi
1378 1654 1445 1703 ad
1480 1655 1645 1722 Syno-

275 1736 396 1784 dum
421 1736 799 1783 Dioecesanam
825 1735 1229 1801 Strigoniensem
1267 1737 1538 1787 convenire
1564 1753 1644 1783 so-

276 1815 417 1873 lent,
470 1818 742 1880 registrum
783 1815 1102 1873 conficiant,
1154 1816 1386 1863 omnium
1421 1831 1647 1880 proven-

278 1905 421 1942 tuum
458 1911 516 1941 ac
551 1896 733 1942 iurium
767 1892 833 1941 ad
878 1894 1229 1953 Beneficium,
1280 1890 1418 1957 qvod
1465 1904 1649 1942 tenent

278 1976 652 2039 spectantium,
702 1972 839 2036 qvod
875 1962 1255 2039 subscriptum,
1292 1974 1646 2037 munitumqve

278 2051 479 2117 sigillo,
515 2055 888 2099 transmittatur
922 2050 1327 2117 Archiepiscopo
1349 2088 1363 2109 ,
1400 2052 1450 2099 in
1490 2050 1646 2117 Capi·

279 2131 387 2178 tulo
425 2130 850 2181 conservandum.
921 2128 1087 2178 Nemo
1125 2141 1299 2178 autem
1334 2133 1442 2177 iura
1469 2129 1649 2180 Eccle-

281 2213 385 2257 siae
438 2226 555 2258 suae
611 2225 919 2273 qvocunqve
971 2207 1126 2257 modo
1171 2209 1396 2256 alienare
1434 2224 1647 2274 praesu-

742 2293 761 2317 ⁸
1448 2297 1576 2346 mat,

336 2420 387 2473 u)
420 2423 485 2462 De
530 2421 837 2474 Anabaptistis
864 2451 876 2469 ,
919 2428 1151 2474 qvatenus·
1180 2419 1224 2459 in
1269 2418 1506 2475 Hungaria
1546 2419 1649 2459 sub·

390 2488 635 2536 stiterunt,
668 2498 713 2528 et
745 2499 964 2541 qvatenus
997 2497 1101 2540 post
1133 2488 1354 2540 repetitas
1386 2496 1547 2528 contra
1586 2486 1641 2527 il-

389 2554 464 2596 los
493 2556 640 2611 Regni
673 2557 846 2612 Leges,
879 2557 935 2596 ad
966 2555 1194 2611 gremium
1216 2555 1452 2598 Ecclesiae
1485 2553 1649 2598 Catho-

387 2624 504 2667 licae
546 2624 846 2671 rediverunt,
891 2625 1163 2675 scripseram
1197 2625 1241 2663 in
1273 2623 1387 2666 Hist.
1419 2622 1571 2679 Relig.
1604 2629 1651 2662 et

390 2690 516 2732 Eccl.
553 2690 715 2733 Christ.
749 2691 943 2744 periodo
974 2693 1044 2733 IV.
1077 2690 1115 2748 9.
1148 2703 1215 2744 37.
