1779 3128
814 199 999 236 ..κ’

226 226 290 277 9Ξέ

235 353 330 394 ca,
369 334 494 384 dum
539 342 653 382 sunt
690 334 936 399 exempti.
1024 346 1101 382 21.
1141 328 1272 380 Cum
1307 329 1606 399 Scepusien-

235 419 301 465 sis
354 414 677 480 Praepotitus
729 429 968 473 causam,
1018 412 1082 462 de
1132 429 1231 476 qvo
1287 415 1338 462 in
1394 412 1605 478 Synodo

238 496 356 543 anni
401 494 542 552 1630.
591 504 763 541 actum
812 504 915 551 est,
966 508 1138 541 coram
1187 492 1318 541 Sede
1369 492 1610 541 Romana>
1646 541 1657 559 ,

237 571 526 641 perdidisse
562 571 829 621 videatur:
868 571 1112 637 qvidnam
1160 571 1296 621 facto
1346 576 1408 621 sit
1455 590 1607 638 opus,

234 651 545 701 videndum.
619 668 697 701 22.
733 651 1152 710 Ecclesiasti005‚
1208 662 1259 700 et
1300 651 1606 710 Canonicos‚

238 734 292 779 in
326 732 554 798 partibus
605 731 946 790 Sclavoffiae,
983 747 1163 780 munus
1199 735 1611 797 procuratorium

236 827 334 878 pro
372 809 613 860 mercede
649 821 921 877 gerentes,
971 827 1080 859 esse
1127 808 1482 877 prohibendos
1520 826 1608 858 au-

237 893 448 939 toritate
485 888 718 955 Synodi,
757 900 1159 956 praeterqvam‚
1200 891 1241 936 si
1282 891 1395 953 qvis
1429 904 1606 937 eorum

239 972 437 1036 peritus
484 971 640 1027 iuris,
694 984 872 1016 causas
922 967 1310 1016 Ecclesiasticas
1365 979 1609 1017 tueretur.

238 1063 318 1107 23.
360 1046 588 1095 Rutheni
628 1046 941 1095 Schismatici
982 1048 1035 1094 in
1059 1047 1336 1112 Scepusio,
1376 1063 1610 1113 praeser-

238 1130 334 1175 tim
382 1142 506 1174 vero
557 1129 611 1173 in
661 1124 906 1173 Dioecesi
942 1125 1183 1192 Agriensi
1240 1135 1610 1174 convertuntur

237 1208 339 1254 suis
379 1221 493 1253 cum
532 1196 911 1254 Sacerdotibus,
1003 1205 1161 1270 Qveis
1201 1207 1297 1253 erit
1331 1206 1496 1267 majus
1533 1205 1610 1251 in-

237 1288 576 1334 citamentum
637 1301 732 1349 per
799 1284 1130 1331 collationem
1192 1283 1609 1349 privilegiorum,

242 1381 344 1429 qvo
383 1364 549 1412 Status
586 1361 977 1411 Ecclesiasticus
1015 1360 1242 1429 gaudet3
1292 1374 1342 1410 et
1386 1379 1479 1429 per
1515 1364 1610 1408 im-

238 1445 544 1491 munitatem
581 1459 608 1489 a
656 1442 894 1490 Dominis
945 1442 1270 1490 terrestribus
1324 1439 1612 1488 conceden-

240 1521 392 1580 dam,
445 1519 618 1585 qvoad
653 1521 951 1587 personales
994 1521 1177 1568 saltem
1226 1520 1444 1568 labores,
1531 1535 1610 1575 24.

240 1598 325 1649 Ad
360 1611 590 1647 mentem
617 1597 960 1647 Tridentinae
992 1598 1185 1665 Synodi
1207 1637 1222 1660 ‚
1260 1601 1312 1645 in
1351 1598 1446 1646 hoc
1477 1597 1612 1647 Con-

243 1679 362 1727 cilio
399 1678 698 1727 nominandi
746 1689 848 1726 tres
901 1690 1189 1742 qvatuorve
1242 1695 1304 1727 ex
1338 1678 1609 1744 Episcopis

241 1757 440 1806 iudices
477 1795 492 1816 ‚
543 1757 728 1821 qvibus
780 1774 964 1805 causae
1015 1757 1419 1824 appellationum
1468 1755 1610 1804 dele-

241 1848 444 1903 gentur.
530 1852 606 1896 25.
662 1837 938 1884 Mandavit
978 1837 1076 1884 Sua
1111 1837 1362 1885 Sanctitas
1395 1873 1409 1894 ‚
1462 1851 1611 1899 qvas-

239 1919 391 1983 piam
437 1915 774 1967 Bullas,suas
812 1916 1111 1980 publicari,
1165 1932 1297 1979 qvae
1333 1915 1424 1963 hac
1463 1913 1610 1962 occa-

243 1998 424 2053 sione,
463 1995 646 2042 Sacrae
687 1994 894 2060 Synodo
932 2005 1302 2060 proponuntur.
1376 1994 1453 2042 26.
1489 1990 1611 2041 Tri-

243 2070 457 2122 (lentina
493 2071 723 2139 Synodus
759 2074 1012 2138 praecipit
1049 2072 1348 2137 investigari
1400 2073 1451 2119 in
1493 2087 1613 2137 pro-

239 2152 556 2201 vincialibus
595 2152 848 2218 Synodis,
896 2168 957 2199 an
998 2153 1310 2201 elocationes
1348 2150 1609 2198 Bonorum

243 2232 769 2289 Ecclesiasticorum,
832 2232 882 2278 in
937 2229 1308 2296 praeiudicium
1358 2228 1613 2277 Ecclesia-

242 2326 355 2358 rum
375 2345 389 2367 ,
425 2320 510 2356 aut
547 2309 702 2375 plane
725 2309 1130 2358 abalienationes
1157 2309 1322 2355 factae
1350 2325 1450 2356 non
1474 2311 1571 2356 sint
1589 2305 1614 2355 ἶ)

248 2403 327 2447 27.
375 2388 669 2435 Insinuatur
701 2424 716 2446 ,
777 2386 915 2451 qvod
969 2387 1185 2434 Ioannes
1236 2385 1496 2434 Ferrarius
1552 2405 1615 2435 ex

250 2464 446 2514 Ordine
496 2466 1110 2522 praemonstratensium,
1159 2468 1367 2512 nomine
1407 2464 1615 2514 Ordinis

251 2547 364 2602 sui,
403 2554 614 2610 propter
652 2542 820 2601 bona,
871 2554 922 2591 et
959 2543 1220 2591 Beneficia
1257 2544 1616 2592 Ecclesiastica

249 2623 376 2676 olim
417 2620 481 2670 ad
520 2624 655 2686 ipsos
693 2623 1038 2686 pertinentia,
1092 2625 1143 2670 in
1179 2620 1476 2671 Posoniensi
1517 2622 1614 2670 Ca-

1414 2705 1557 2770 pitu-⁴
