1779 3128
693 223 875 230 ---
1372 193 1468 252 267

99 312 371 382 Qvomodo
401 310 765 361 Archidiaconi
791 315 894 359 sint
930 309 1222 377 dirigendi,
1262 321 1316 360 ut
1351 314 1476 362 visi-

98 391 252 443 tando
298 395 589 449 instruant,
643 392 963 453 reforment,
1017 390 1259 441 erudiant
1305 408 1476 458 popu-

94 473 232 529 lum,
269 471 326 519 et'
360 468 660 519 parochos?
706 485 753 529 3.
812 468 950 535 Qvid
996 464 1329 518 statuendum
1354 508 1369 529 ,
1407 487 1474 520 ne

93 549 307 600 Parochi
348 550 670 608 Dioecesim,
707 562 758 598 et
794 550 997 607 locum,
1036 567 1128 616 pro
1158 550 1324 598 lubitu
1359 568 1474 599 mu-

72 615 240 678 'tent'?
274 645 322 685 4.
363 629 478 695 Qvo
512 628 669 677 modo
699 630 1029 686 continendi,
1069 646 1130 677 ne
1169 628 1234 677 ad
1271 633 1473 697 opimas

89 720 229 758 extra
266 709 502 775 Regnum
542 708 810 756 parochias
849 707 1077 766 vadant,
1128 723 1176 768 5.
1216 708 1472 757 plebano-

28 816 53 843 ‚·
89 805 204 836 rum
243 791 449 855 inopiae
488 787 746 851 qvomodo
784 784 1226 836 succurrendum?
1259 788 1306 836 6.
1346 789 1471 837 Alu-

29 858 42 936 Ῐ,
89 885 236 917 mnos
268 885 363 934 pro
414 866 706 925 clericatu,
758 878 813 915 ut
850 870 1068 931 qvisqve
1117 866 1219 914 alat
1272 869 1324 914 in
1365 878 1468 916 stu·

34 943 41 994 ,Γ
89 947 220 1004 diis,
256 946 518 1010 qvomodo
553 943 920 994 limitandum?
956 957 1006 994 et
1041 949 1126 1010 qvi
1162 963 1264 993 non
1303 945 1470 1006 alunt,

94 1025 355 1090 qvomodo
392 1023 652 1092 cogendi?
703 1041 750 1086 7.
791 1024 1166 1075 Transilvania
1196 1026 1341 1092 luget
1381 1024 1471 1073 de-

33 1131 48 1169 f
90 1105 285 1153 fectum
333 1105 614 1172 Episcopi,
662 1122 1026 1168 sacrorumqve
1072 1121 1332 1154 vasorum.
1421 1113 1469 1159 8.

91 1184 171 1233 Ob
219 1184 480 1249 neglectas
530 1185 899 1252 Episcoporum
957 1186 1265 1232 nostratium
1303 1201 1381 1232 res
1416 1188 1469 1232 in

89 1264 228 1312 Urbe
275 1263 544 1322 Romana,
592 1267 847 1328 qvispiam
895 1262 1090 1312 ibidem
1143 1267 1466 1311 intertenen-

89 1342 203 1393 dus.
275 1343 589 1401 Limitetur,
630 1342 751 1407 qvid
790 1346 836 1391 ei
874 1347 1089 1408 qvisqve
1128 1342 1468 1410 pendendum

16 1440 48 1476 z·
89 1440 259 1471 annue
296 1421 504 1472 habeat.
588 1424 655 1470 In*
683 1423 1162 1471 confirmationibus
1187 1459 1201 1479 ,
1246 1434 1295 1471 et
1335 1425 1465 1470 taxis

89 1503 480 1569 Episcoporum,
510 1500 845 1550 difficultates
871 1513 1004 1551 sunt.
1044 1501 1182 1567 Qvid
1207 1502 1288 1550 hic
1314 1518 1471 1567 agen-

89 1582 230 1630 dum.
317 1596 361 1641 9.
401 1581 672 1629 pluralitas
712 1582 1096 1631 Beneficiorum
1130 1583 1467 1630 residentiam

86 1663 403 1727 poscentium
429 1672 648 1710 vetatur.
721 1659 997 1726 Qvomodo
1023 1662 1468 1727 praecavendum,

84 1758 149 1789 ne
186 1739 274 1809 hae
313 1742 363 1786 in
400 1752 546 1804 parte
584 1737 817 1788 erretur?
871 1756 942 1789 10.
982 1741 1216 1807 Qvaliter
1248 1740 1463 1789 meden-

88 1818 242 1876 dum,
280 1830 331 1866 ut
368 1818 669 1866 Benefiei'ati
706 1837 890 1867 munus
928 1820 1157 1879 faciant,
1195 1833 1244 1869 et
1282 1838 1344 1870 ne
1384 1824 1468 1868 vi-

85 1915 209 1947 neas
257 1915 315 1946 ac
375 1898 477 1945 alia
527 1901 579 1946 in
637 1897 1011 1949 desolationem
1073 1900 1212 1948 abire
1272 1905 1466 1959 sinant,

86 1979 309 2042 qvaliter
356 1976 705 2026 obxiandum?
756 1993 828 2028 11.
869 1979 1169 2029 Archivium
1205 1981 1461 2029 Ecclesia-

85 2061 269 2107 sticum
307 2058 481 2107 adesse
523 2056 676 2106 debet
699 2096 712 2116 ,
750 2061 802 2105 in
842 2075 945 2122 qvo
982 2057 1231 2107 habeatur
1268 2058 1462 2108 descri-

83 2149 198 2203 ptus
239 2137 585 2185 Ecclesiarum
623 2150 811 2196 status,
853 2137 1022 2202 qvoad
1056 2139 1369 2206 spiritualia,
1407 2150 1462 2187 et

83 2217 410 2281 temporalia.
499 2217 576 2264 Ex
624 2216 840 2267 Camera
890 2223 1116 2281 qvoqve
1146 2218 1309 2284 Regia
1350 2221 1459 2284 peti

84 2294 370 2344 subsidium
418 2308 608 2361 posset.
704 2292 773 2346 ii.
830 2296 958 2347 Cum
996 2298 1463 2363 oppignorantibus

83 2373 444 2423 Ecclesiastica
468 2376 633 2435 Bona,
661 2378 880 2440 qvaliter
910 2375 1201 2444 agendum?
1237 2392 1310 2437 13.
1351 2377 1460 2424 De-

82 2452 274 2500 beatne
312 2454 558 2503 celebrari
599 2457 829 2522 Synodus
870 2454 1251 2507 Provincialis?
1296 2473 1462 2522 qvan-

84 2535 183 2592 do,
223 2542 273 2580 et
304 2532 394 2582 »ubi
434 2533 785 2586 celebranda?

1144 2693 1191 2767 5.
1231 2697 1389 2749 cxxi.
