<?xml version="1.0" encoding="UTF-8"?>
<!DOCTYPE html PUBLIC "-//W3C//DTD XHTML 1.0 Transitional//EN"
    "http://www.w3.org/TR/xhtml1/DTD/xhtml1-transitional.dtd">
<html xmlns="http://www.w3.org/1999/xhtml" xml:lang="en" lang="en">
 <head>
  <title>
</title>
<meta http-equiv="Content-Type" content="text/html;charset=utf-8" />
  <meta name='ocr-system' content='tesseract 3.04.00' />
  <meta name='ocr-capabilities' content='ocr_page ocr_carea ocr_par ocr_line ocrx_word'/>
</head>
<body>
  <div class='ocr_page' id='page_1' title='image "./synopsiscriticoh00szvouoft_0202.png"; bbox 0 0 1779 3128; ppageno 0'>
   <div class='ocr_carea' id='block_1_1' title="bbox 879 201 1060 211">
    <p class='ocr_par' dir='ltr' id='par_1_1' title="bbox 879 201 1060 211">
     <span class='ocr_line' id='line_1_1' title="bbox 879 201 1060 211; baseline 0 2917"><span class='ocrx_word' id='word_1_1' title='bbox 879 201 1060 211; x_wconf 95' lang='lat' dir='ltr'> </span> 
     </span>
    </p>
   </div>
   <div class='ocr_carea' id='block_1_2' title="bbox 279 175 1643 360">
    <p class='ocr_par' dir='ltr' id='par_1_2' title="bbox 279 175 1643 360">
     <span class='ocr_line' id='line_1_2' title="bbox 291 175 1060 228; baseline 0.003 -1"><span class='ocrx_word' id='word_1_2' title='bbox 291 180 380 228; x_wconf 72' lang='lat'>184</span> <span class='ocrx_word' id='word_1_3' title='bbox 684 175 685 178; x_wconf 73' lang='grc'>’</span> <span class='ocrx_word' id='word_1_4' title='bbox 880 180 1060 198; x_wconf 77' lang='grc'><em>““··“···</em></span> 
     </span>
     <span class='ocr_line' id='line_1_3' title="bbox 1624 252 1640 273; baseline 0 0"><span class='ocrx_word' id='word_1_5' title='bbox 1624 252 1640 273; x_wconf 55' lang='grc' dir='ltr'>ἵ</span> 
     </span>
     <span class='ocr_line' id='line_1_4' title="bbox 279 288 1643 360; baseline -0.001 -19"><span class='ocrx_word' id='word_1_6' title='bbox 279 310 395 351; x_wconf 88' lang='lat' dir='ltr'>ras,</span> <span class='ocrx_word' id='word_1_7' title='bbox 433 307 461 338; x_wconf 87' lang='lat' dir='ltr'>a</span> <span class='ocrx_word' id='word_1_8' title='bbox 499 289 707 338; x_wconf 87' lang='lat' dir='ltr'>Clericis</span> <span class='ocrx_word' id='word_1_9' title='bbox 745 290 1005 340; x_wconf 88' lang='lat' dir='ltr'>observari</span> <span class='ocrx_word' id='word_1_10' title='bbox 1054 288 1337 360; x_wconf 82' lang='lat' dir='ltr'>praecipit,</span> <span class='ocrx_word' id='word_1_11' title='bbox 1391 292 1483 340; x_wconf 87' lang='lat' dir='ltr'>sub</span> <span class='ocrx_word' id='word_1_12' title='bbox 1520 309 1643 359; x_wconf 86' lang='lat' dir='ltr'>poe-</span> 
     </span>
    </p>
   </div>
   <div class='ocr_carea' id='block_1_3' title="bbox 245 366 1699 2417">
    <p class='ocr_par' dir='ltr' id='par_1_3' title="bbox 245 366 1699 2417">
     <span class='ocr_line' id='line_1_5' title="bbox 280 366 1645 439; baseline 0 -19"><span class='ocrx_word' id='word_1_13' title='bbox 280 388 345 420; x_wconf 85' lang='lat' dir='ltr'>na</span> <span class='ocrx_word' id='word_1_14' title='bbox 394 370 780 435; x_wconf 80' lang='lat' dir='ltr'>irregularitatis</span> <span class='ocrx_word' id='word_1_15' title='bbox 812 407 826 429; x_wconf 88' lang='lat'>,</span> <span class='ocrx_word' id='word_1_16' title='bbox 881 375 1094 439; x_wconf 80' lang='lat' dir='ltr'>carceris</span> <span class='ocrx_word' id='word_1_17' title='bbox 1125 366 1157 430; x_wconf 64' lang='lat'>,¹</span> <span class='ocrx_word' id='word_1_18' title='bbox 1201 384 1250 420; x_wconf 91' lang='lat' dir='ltr'>et</span> <span class='ocrx_word' id='word_1_19' title='bbox 1310 373 1645 438; x_wconf 79' lang='lat' dir='ltr'>spoliationis,</span> 
     </span>
     <span class='ocr_line' id='line_1_6' title="bbox 278 449 1644 516; baseline 0.001 -18"><span class='ocrx_word' id='word_1_20' title='bbox 278 449 543 498; x_wconf 76' lang='lat' dir='ltr'>,Malitiose</span> <span class='ocrx_word' id='word_1_21' title='bbox 583 459 752 496; x_wconf 89' lang='lat' dir='ltr'>autem</span> <span class='ocrx_word' id='word_1_22' title='bbox 774 453 1073 516; x_wconf 81' lang='lat' dir='ltr'>negantibus</span> <span class='ocrx_word' id='word_1_23' title='bbox 1107 450 1330 499; x_wconf 88' lang='lat' dir='ltr'>decimas</span> <span class='ocrx_word' id='word_1_24' title='bbox 1352 489 1366 510; x_wconf 91' lang='lat'>,</span> <span class='ocrx_word' id='word_1_25' title='bbox 1399 455 1553 500; x_wconf 83' lang='lat' dir='ltr'>etiam</span> <span class='ocrx_word' id='word_1_26' title='bbox 1592 455 1644 499; x_wconf 89' lang='lat' dir='ltr'>in</span> 
     </span>
     <span class='ocr_line' id='line_1_7' title="bbox 280 527 1647 595; baseline 0.005 -22"><span class='ocrx_word' id='word_1_27' title='bbox 280 530 457 574; x_wconf 87' lang='lat' dir='ltr'>mortis</span> <span class='ocrx_word' id='word_1_28' title='bbox 493 527 742 588; x_wconf 75' lang='lat' dir='ltr'>articulo,</span> <span class='ocrx_word' id='word_1_29' title='bbox 780 532 956 595; x_wconf 85' lang='lat' dir='ltr'>negari</span> <span class='ocrx_word' id='word_1_30' title='bbox 989 530 1317 578; x_wconf 79' lang='lat' dir='ltr'>Sacramenta</span> <span class='ocrx_word' id='word_1_31' title='bbox 1351 531 1510 580; x_wconf 87' lang='lat' dir='ltr'>iubet.</span> <span class='ocrx_word' id='word_1_32' title='bbox 1572 532 1647 581; x_wconf 90' lang='lat'>16.</span> 
     </span>
     <span class='ocr_line' id='line_1_8' title="bbox 282 606 1647 674; baseline 0.004 -21"><span class='ocrx_word' id='word_1_33' title='bbox 282 606 502 671; x_wconf 81' lang='lat' dir='ltr'>Exponit</span> <span class='ocrx_word' id='word_1_34' title='bbox 531 610 1070 656; x_wconf 76' lang='lat' dir='ltr'>excommunicationis</span> <span class='ocrx_word' id='word_1_35' title='bbox 1102 612 1306 657; x_wconf 84' lang='lat' dir='ltr'>maioris</span> <span class='ocrx_word' id='word_1_36' title='bbox 1326 646 1340 667; x_wconf 86' lang='lat'>,</span> <span class='ocrx_word' id='word_1_37' title='bbox 1370 623 1522 674; x_wconf 87' lang='lat' dir='ltr'>atqve</span> <span class='ocrx_word' id='word_1_38' title='bbox 1552 614 1647 658; x_wconf 91' lang='lat' dir='ltr'>mi·</span> 
     </span>
     <span class='ocr_line' id='line_1_9' title="bbox 281 687 1647 746; baseline 0.004 -14"><span class='ocrx_word' id='word_1_39' title='bbox 281 688 413 732; x_wconf 86' lang='lat' dir='ltr'>noris</span> <span class='ocrx_word' id='word_1_40' title='bbox 452 696 717 746; x_wconf 79' lang='lat' dir='ltr'>naturam3</span> <span class='ocrx_word' id='word_1_41' title='bbox 757 702 816 733; x_wconf 87' lang='lat' dir='ltr'>ac</span> <span class='ocrx_word' id='word_1_42' title='bbox 855 690 1002 735; x_wconf 87' lang='lat' dir='ltr'>ritum</span> <span class='ocrx_word' id='word_1_43' title='bbox 1037 689 1087 735; x_wconf 92' lang='lat' dir='ltr'>in</span> <span class='ocrx_word' id='word_1_44' title='bbox 1122 687 1435 735; x_wconf 88' lang='lat' dir='ltr'>absolutione</span> <span class='ocrx_word' id='word_1_45' title='bbox 1467 700 1647 737; x_wconf 89' lang='lat' dir='ltr'>tenen·</span> 
     </span>
     <span class='ocr_line' id='line_1_10' title="bbox 283 763 1647 832; baseline 0.004 -21"><span class='ocrx_word' id='word_1_46' title='bbox 283 763 423 814; x_wconf 89' lang='lat' dir='ltr'>dum.</span> <span class='ocrx_word' id='word_1_47' title='bbox 521 779 594 825; x_wconf 86' lang='lat'>17.</span> <span class='ocrx_word' id='word_1_48' title='bbox 642 766 869 813; x_wconf 90' lang='lat' dir='ltr'>Inculcat</span> <span class='ocrx_word' id='word_1_49' title='bbox 916 767 1055 832; x_wconf 79' lang='lat' dir='ltr'>leges</span> <span class='ocrx_word' id='word_1_50' title='bbox 1087 803 1101 824; x_wconf 89' lang='lat'>.,</span> <span class='ocrx_word' id='word_1_51' title='bbox 1166 766 1317 814; x_wconf 90' lang='lat' dir='ltr'>Clero</span> <span class='ocrx_word' id='word_1_52' title='bbox 1367 783 1647 832; x_wconf 80' lang='lat' dir='ltr'>congruum</span> 
     </span>
     <span class='ocr_line' id='line_1_11' title="bbox 256 841 1646 912; baseline 0.002 -22"><span class='ocrx_word' id='word_1_53' title='bbox 256 841 514 896; x_wconf 67' lang='lat' dir='ltr'>⁴habitum</span> <span class='ocrx_word' id='word_1_54' title='bbox 561 848 957 910; x_wconf 77' lang='lat' dir='ltr'>praecipientes.</span> <span class='ocrx_word' id='word_1_55' title='bbox 1047 853 1118 898; x_wconf 80' lang='lat'>18·</span> <span class='ocrx_word' id='word_1_56' title='bbox 1168 845 1411 894; x_wconf 90' lang='lat' dir='ltr'>Renovat</span> <span class='ocrx_word' id='word_1_57' title='bbox 1453 862 1646 912; x_wconf 90' lang='lat' dir='ltr'>poenas</span> 
     </span>
     <span class='ocr_line' id='line_1_12' title="bbox 284 922 1651 982; baseline 0.002 -12"><span class='ocrx_word' id='word_1_58' title='bbox 284 925 336 970; x_wconf 90' lang='lat' dir='ltr'>in</span> <span class='ocrx_word' id='word_1_59' title='bbox 377 922 602 971; x_wconf 82' lang='lat' dir='ltr'>Clericos</span> <span class='ocrx_word' id='word_1_60' title='bbox 640 925 1056 982; x_wconf 81' lang='lat' dir='ltr'>concubinarios,</span> <span class='ocrx_word' id='word_1_61' title='bbox 1095 941 1121 971; x_wconf 85' lang='lat' dir='ltr'>a</span> <span class='ocrx_word' id='word_1_62' title='bbox 1157 927 1264 972; x_wconf 89' lang='lat' dir='ltr'>iure</span> <span class='ocrx_word' id='word_1_63' title='bbox 1300 925 1448 972; x_wconf 88' lang='lat' dir='ltr'>latas.</span> <span class='ocrx_word' id='word_1_64' title='bbox 1521 925 1651 973; x_wconf 92' lang='lat' dir='ltr'>Bor-</span> 
     </span>
     <span class='ocr_line' id='line_1_13' title="bbox 283 1001 1650 1068; baseline 0.003 -19"><span class='ocrx_word' id='word_1_65' title='bbox 283 1001 503 1050; x_wconf 82' lang='lat' dir='ltr'>nemisza</span> <span class='ocrx_word' id='word_1_66' title='bbox 541 1006 694 1068; x_wconf 90' lang='lat' dir='ltr'>capiti</span> <span class='ocrx_word' id='word_1_67' title='bbox 732 1003 846 1050; x_wconf 91' lang='lat' dir='ltr'>huic</span> <span class='ocrx_word' id='word_1_68' title='bbox 876 1003 1072 1051; x_wconf 85' lang='lat' dir='ltr'>subiicit</span> <span class='ocrx_word' id='word_1_69' title='bbox 1103 1003 1429 1063; x_wconf 86' lang='lat' dir='ltr'>mandatum,</span> <span class='ocrx_word' id='word_1_70' title='bbox 1465 1016 1519 1053; x_wconf 81' lang='lat' dir='ltr'>ut</span> <span class='ocrx_word' id='word_1_71' title='bbox 1553 1004 1650 1053; x_wconf 90' lang='lat' dir='ltr'>Ar-</span> 
     </span>
     <span class='ocr_line' id='line_1_14' title="bbox 286 1080 1650 1146; baseline 0.001 -17"><span class='ocrx_word' id='word_1_72' title='bbox 286 1080 574 1129; x_wconf 87' lang='lat' dir='ltr'>chidiaconi</span> <span class='ocrx_word' id='word_1_73' title='bbox 622 1081 781 1129; x_wconf 90' lang='lat' dir='ltr'>semel</span> <span class='ocrx_word' id='word_1_74' title='bbox 836 1098 930 1146; x_wconf 87' lang='lat' dir='ltr'>per</span> <span class='ocrx_word' id='word_1_75' title='bbox 980 1098 1172 1129; x_wconf 87' lang='lat' dir='ltr'>annum</span> <span class='ocrx_word' id='word_1_76' title='bbox 1223 1086 1435 1131; x_wconf 85' lang='lat' dir='ltr'>visitent</span> <span class='ocrx_word' id='word_1_77' title='bbox 1497 1084 1650 1131; x_wconf 84' lang='lat' dir='ltr'>Paro-</span> 
     </span>
     <span class='ocr_line' id='line_1_15' title="bbox 285 1159 1651 1227; baseline 0.001 -19"><span class='ocrx_word' id='word_1_78' title='bbox 285 1159 452 1218; x_wconf 84' lang='lat' dir='ltr'>chias,</span> <span class='ocrx_word' id='word_1_79' title='bbox 490 1177 583 1225; x_wconf 87' lang='lat' dir='ltr'>per</span> <span class='ocrx_word' id='word_1_80' title='bbox 619 1171 779 1207; x_wconf 85' lang='lat' dir='ltr'>semet</span> <span class='ocrx_word' id='word_1_81' title='bbox 814 1163 983 1226; x_wconf 82' lang='lat' dir='ltr'>ipsos3</span> <span class='ocrx_word' id='word_1_82' title='bbox 1022 1160 1204 1227; x_wconf 85' lang='lat' dir='ltr'>grandi</span> <span class='ocrx_word' id='word_1_83' title='bbox 1251 1179 1503 1225; x_wconf 87' lang='lat' dir='ltr'>eqvorum</span> <span class='ocrx_word' id='word_1_84' title='bbox 1557 1179 1651 1210; x_wconf 87' lang='lat' dir='ltr'>nu-</span> 
     </span>
     <span class='ocr_line' id='line_1_16' title="bbox 285 1238 1652 1307; baseline 0.001 -21"><span class='ocrx_word' id='word_1_85' title='bbox 285 1256 430 1287; x_wconf 85' lang='lat' dir='ltr'>mero</span> <span class='ocrx_word' id='word_1_86' title='bbox 471 1238 723 1286; x_wconf 86' lang='lat' dir='ltr'>Parochos</span> <span class='ocrx_word' id='word_1_87' title='bbox 761 1242 981 1287; x_wconf 86' lang='lat' dir='ltr'>minime&#39;</span> <span class='ocrx_word' id='word_1_88' title='bbox 1019 1243 1296 1306; x_wconf 86' lang='lat' dir='ltr'>gravaturi.</span> <span class='ocrx_word' id='word_1_89' title='bbox 1387 1241 1450 1288; x_wconf 90' lang='lat' dir='ltr'>Et</span> <span class='ocrx_word' id='word_1_90' title='bbox 1498 1257 1652 1307; x_wconf 88' lang='lat' dir='ltr'>super</span> 
     </span>
     <span class='ocr_line' id='line_1_17' title="bbox 285 1318 1651 1385; baseline 0.001 -19"><span class='ocrx_word' id='word_1_91' title='bbox 285 1321 344 1366; x_wconf 88' lang='lat' dir='ltr'>iis</span> <span class='ocrx_word' id='word_1_92' title='bbox 381 1321 773 1384; x_wconf 86' lang='lat' dir='ltr'>investigaturi,</span> <span class='ocrx_word' id='word_1_93' title='bbox 817 1335 948 1382; x_wconf 87' lang='lat' dir='ltr'>qvae</span> <span class='ocrx_word' id='word_1_94' title='bbox 978 1318 1072 1369; x_wconf 92' lang='lat' dir='ltr'>hoc</span> <span class='ocrx_word' id='word_1_95' title='bbox 1111 1322 1278 1385; x_wconf 89' lang='lat' dir='ltr'>capite</span> <span class='ocrx_word' id='word_1_96' title='bbox 1310 1331 1651 1385; x_wconf 83' lang='lat' dir='ltr'>exponuntur.</span> 
     </span>
     <span class='ocr_line' id='line_1_18' title="bbox 293 1396 1652 1458; baseline 0 -14"><span class='ocrx_word' id='word_1_97' title='bbox 293 1412 364 1458; x_wconf 90' lang='lat'>19.</span> <span class='ocrx_word' id='word_1_98' title='bbox 398 1397 552 1445; x_wconf 86' lang='lat' dir='ltr'>Vetat</span> <span class='ocrx_word' id='word_1_99' title='bbox 595 1397 821 1445; x_wconf 86' lang='lat' dir='ltr'>Clericos</span> <span class='ocrx_word' id='word_1_100' title='bbox 869 1396 1057 1448; x_wconf 88' lang='lat' dir='ltr'>habere</span> <span class='ocrx_word' id='word_1_101' title='bbox 1106 1398 1344 1446; x_wconf 84' lang='lat' dir='ltr'>tabernas</span> <span class='ocrx_word' id='word_1_102' title='bbox 1384 1401 1435 1445; x_wconf 92' lang='lat' dir='ltr'>in</span> <span class='ocrx_word' id='word_1_103' title='bbox 1487 1398 1652 1445; x_wconf 85' lang='lat' dir='ltr'>domi-</span> 
     </span>
     <span class='ocr_line' id='line_1_19' title="bbox 285 1476 1699 1542; baseline -0.003 -15"><span class='ocrx_word' id='word_1_104' title='bbox 285 1478 410 1534; x_wconf 89' lang='lat' dir='ltr'>bus,</span> <span class='ocrx_word' id='word_1_105' title='bbox 448 1493 572 1541; x_wconf 87' lang='lat' dir='ltr'>qvas</span> <span class='ocrx_word' id='word_1_106' title='bbox 610 1476 870 1535; x_wconf 86' lang='lat' dir='ltr'>incolunt,</span> <span class='ocrx_word' id='word_1_107' title='bbox 899 1485 992 1525; x_wconf 75' lang='lat' dir='ltr'>&#39;aut</span> <span class='ocrx_word' id='word_1_108' title='bbox 1030 1480 1259 1542; x_wconf 79' lang='lat' dir='ltr'>recipere</span> <span class='ocrx_word' id='word_1_109' title='bbox 1306 1476 1531 1524; x_wconf 83' lang='lat' dir='ltr'>officium</span> <span class='ocrx_word' id='word_1_110' title='bbox 1563 1477 1653 1524; x_wconf 89' lang='lat' dir='ltr'>lai·</span> <span class='ocrx_word' id='word_1_111' title='bbox 1697 1501 1699 1505; x_wconf 86' lang='lat'><em>.</em></span> 
     </span>
     <span class='ocr_line' id='line_1_20' title="bbox 287 1554 1655 1621; baseline -0.001 -18"><span class='ocrx_word' id='word_1_112' title='bbox 287 1556 419 1604; x_wconf 90' lang='lat' dir='ltr'>cale.</span> <span class='ocrx_word' id='word_1_113' title='bbox 495 1572 569 1602; x_wconf 77' lang='lat'>20.</span> <span class='ocrx_word' id='word_1_114' title='bbox 611 1554 856 1602; x_wconf 88' lang='lat' dir='ltr'>Normam</span> <span class='ocrx_word' id='word_1_115' title='bbox 893 1556 1193 1621; x_wconf 85' lang='lat' dir='ltr'>praeseribit</span> <span class='ocrx_word' id='word_1_116' title='bbox 1241 1554 1540 1603; x_wconf 82' lang='lat' dir='ltr'>celebrandi</span> <span class='ocrx_word' id='word_1_117' title='bbox 1577 1555 1655 1603; x_wconf 89' lang='lat' dir='ltr'>of-</span> 
     </span>
     <span class='ocr_line' id='line_1_21' title="bbox 287 1633 1654 1698; baseline -0.002 -14"><span class='ocrx_word' id='word_1_118' title='bbox 287 1638 402 1684; x_wconf 84' lang='lat' dir='ltr'>ficia</span> <span class='ocrx_word' id='word_1_119' title='bbox 444 1635 666 1692; x_wconf 85' lang='lat' dir='ltr'>Divina,</span> <span class='ocrx_word' id='word_1_120' title='bbox 704 1637 754 1682; x_wconf 91' lang='lat' dir='ltr'>in</span> <span class='ocrx_word' id='word_1_121' title='bbox 791 1634 1020 1682; x_wconf 82' lang='lat' dir='ltr'>Ecclesia</span> <span class='ocrx_word' id='word_1_122' title='bbox 1058 1633 1390 1692; x_wconf 89' lang='lat' dir='ltr'>Cathedrali,</span> <span class='ocrx_word' id='word_1_123' title='bbox 1439 1646 1489 1682; x_wconf 86' lang='lat' dir='ltr'>et</span> <span class='ocrx_word' id='word_1_124' title='bbox 1530 1650 1654 1698; x_wconf 82' lang='lat' dir='ltr'>qva-</span> 
     </span>
     <span class='ocr_line' id='line_1_22' title="bbox 286 1713 1653 1779; baseline -0.002 -17"><span class='ocrx_word' id='word_1_125' title='bbox 286 1719 366 1763; x_wconf 89' lang='lat' dir='ltr'>vis</span> <span class='ocrx_word' id='word_1_126' title='bbox 400 1715 712 1773; x_wconf 76' lang='lat' dir='ltr'>parochiali3</span> <span class='ocrx_word' id='word_1_127' title='bbox 750 1715 835 1762; x_wconf 90' lang='lat' dir='ltr'>ubi</span> <span class='ocrx_word' id='word_1_128' title='bbox 863 1730 941 1760; x_wconf 87' lang='lat' dir='ltr'>res</span> <span class='ocrx_word' id='word_1_129' title='bbox 970 1713 1247 1778; x_wconf 80' lang='lat' dir='ltr'>profanae,</span> <span class='ocrx_word' id='word_1_130' title='bbox 1285 1724 1491 1779; x_wconf 87' lang='lat' dir='ltr'>praeter</span> <span class='ocrx_word' id='word_1_131' title='bbox 1522 1723 1653 1759; x_wconf 85' lang='lat' dir='ltr'>tem-</span> 
     </span>
     <span class='ocr_line' id='line_1_23' title="bbox 287 1791 1656 1862; baseline -0.003 -20"><span class='ocrx_word' id='word_1_132' title='bbox 287 1798 378 1862; x_wconf 81' lang='lat' dir='ltr'>pus</span> <span class='ocrx_word' id='word_1_133' title='bbox 408 1794 719 1850; x_wconf 79' lang='lat' dir='ltr'>hostilitatiS,</span> <span class='ocrx_word' id='word_1_134' title='bbox 743 1795 948 1841; x_wconf 86' lang='lat' dir='ltr'>retineri</span> <span class='ocrx_word' id='word_1_135' title='bbox 975 1791 1328 1858; x_wconf 86' lang='lat' dir='ltr'>prohibentur.</span> <span class='ocrx_word' id='word_1_136' title='bbox 1401 1807 1476 1839; x_wconf 82' lang='lat'>21.</span> <span class='ocrx_word' id='word_1_137' title='bbox 1517 1792 1656 1857; x_wconf 82' lang='lat' dir='ltr'>Qva-</span> 
     </span>
     <span class='ocr_line' id='line_1_24' title="bbox 263 1869 1656 1939; baseline -0.004 -17"><span class='ocrx_word' id='word_1_138' title='bbox 263 1875 457 1922; x_wconf 75' lang='lat' dir='ltr'>‘litates</span> <span class='ocrx_word' id='word_1_139' title='bbox 495 1872 964 1939; x_wconf 88' lang='lat' dir='ltr'>promovendorum</span> <span class='ocrx_word' id='word_1_140' title='bbox 1003 1870 1068 1919; x_wconf 91' lang='lat' dir='ltr'>ad</span> <span class='ocrx_word' id='word_1_141' title='bbox 1106 1869 1361 1928; x_wconf 83' lang='lat' dir='ltr'>Ordines,</span> <span class='ocrx_word' id='word_1_142' title='bbox 1415 1886 1656 1918; x_wconf 89' lang='lat' dir='ltr'>enarran-</span> 
     </span>
     <span class='ocr_line' id='line_1_25' title="bbox 288 1949 1657 2017; baseline -0.005 -15"><span class='ocrx_word' id='word_1_143' title='bbox 288 1965 386 2003; x_wconf 90' lang='lat' dir='ltr'>tur.</span> <span class='ocrx_word' id='word_1_144' title='bbox 476 1969 551 2000; x_wconf 83' lang='lat'>22.</span> <span class='ocrx_word' id='word_1_145' title='bbox 604 1952 922 2017; x_wconf 82' lang='lat' dir='ltr'>Usurpantes</span> <span class='ocrx_word' id='word_1_146' title='bbox 967 1954 1079 1998; x_wconf 91' lang='lat' dir='ltr'>iura</span> <span class='ocrx_word' id='word_1_147' title='bbox 1130 1949 1517 2006; x_wconf 86' lang='lat' dir='ltr'>Ecclesiastica,</span> <span class='ocrx_word' id='word_1_148' title='bbox 1567 1949 1657 1996; x_wconf 89' lang='lat' dir='ltr'>vel</span> 
     </span>
     <span class='ocr_line' id='line_1_26' title="bbox 288 2026 1653 2095; baseline -0.005 -14"><span class='ocrx_word' id='word_1_149' title='bbox 288 2051 367 2081; x_wconf 89' lang='lat' dir='ltr'>res</span> <span class='ocrx_word' id='word_1_150' title='bbox 403 2032 746 2080; x_wconf 88' lang='lat' dir='ltr'>Ecclesiarum</span> <span class='ocrx_word' id='word_1_151' title='bbox 766 2067 781 2088; x_wconf 89' lang='lat'>,</span> <span class='ocrx_word' id='word_1_152' title='bbox 819 2032 930 2095; x_wconf 88' lang='lat' dir='ltr'>ipso</span> <span class='ocrx_word' id='word_1_153' title='bbox 952 2029 1088 2076; x_wconf 91' lang='lat' dir='ltr'>facto</span> <span class='ocrx_word' id='word_1_154' title='bbox 1112 2030 1536 2076; x_wconf 84' lang='lat' dir='ltr'>excommunicati</span> <span class='ocrx_word' id='word_1_155' title='bbox 1562 2026 1653 2075; x_wconf 88' lang='lat' dir='ltr'>de-</span> 
     </span>
     <span class='ocr_line' id='line_1_27' title="bbox 291 2107 1655 2169; baseline -0.004 -9"><span class='ocrx_word' id='word_1_156' title='bbox 291 2113 566 2160; x_wconf 88' lang='lat' dir='ltr'>clarantur.</span> <span class='ocrx_word' id='word_1_157' title='bbox 660 2124 736 2169; x_wconf 83' lang='lat'>23.</span> <span class='ocrx_word' id='word_1_158' title='bbox 789 2109 1088 2158; x_wconf 90' lang='lat' dir='ltr'>Obtinentes</span> <span class='ocrx_word' id='word_1_159' title='bbox 1136 2124 1164 2154; x_wconf 90' lang='lat' dir='ltr'>a</span> <span class='ocrx_word' id='word_1_160' title='bbox 1201 2107 1334 2154; x_wconf 89' lang='lat' dir='ltr'>laicis</span> <span class='ocrx_word' id='word_1_161' title='bbox 1370 2107 1655 2167; x_wconf 88' lang='lat' dir='ltr'>Beneficia,</span> 
     </span>
     <span class='ocr_line' id='line_1_28' title="bbox 289 2184 1653 2257; baseline -0.007 -17"><span class='ocrx_word' id='word_1_162' title='bbox 289 2209 393 2240; x_wconf 83' lang='lat' dir='ltr'>non</span> <span class='ocrx_word' id='word_1_163' title='bbox 430 2195 586 2257; x_wconf 89' lang='lat' dir='ltr'>petita</span> <span class='ocrx_word' id='word_1_164' title='bbox 621 2193 669 2238; x_wconf 87' lang='lat' dir='ltr'>in</span> <span class='ocrx_word' id='word_1_165' title='bbox 706 2189 779 2237; x_wconf 90' lang='lat' dir='ltr'>his</span> <span class='ocrx_word' id='word_1_166' title='bbox 816 2184 1043 2253; x_wconf 76' lang='lat' dir='ltr'>legitima</span> <span class='ocrx_word' id='word_1_167' title='bbox 1084 2186 1477 2234; x_wconf 84' lang='lat' dir='ltr'>confirmatione</span> <span class='ocrx_word' id='word_1_168' title='bbox 1500 2222 1514 2243; x_wconf 82' lang='lat'>,</span> <span class='ocrx_word' id='word_1_169' title='bbox 1568 2202 1653 2232; x_wconf 85' lang='lat' dir='ltr'>ex-</span> 
     </span>
     <span class='ocr_line' id='line_1_29' title="bbox 245 2267 1657 2335; baseline -0.006 -16"><span class='ocrx_word' id='word_1_170' title='bbox 245 2292 260 2306; x_wconf 53' lang='lat'>*</span> <span class='ocrx_word' id='word_1_171' title='bbox 291 2273 652 2319; x_wconf 88' lang='lat' dir='ltr'>communicati</span> <span class='ocrx_word' id='word_1_172' title='bbox 689 2287 781 2335; x_wconf 93' lang='lat' dir='ltr'>per</span> <span class='ocrx_word' id='word_1_173' title='bbox 817 2268 946 2316; x_wconf 90' lang='lat' dir='ltr'>hanc</span> <span class='ocrx_word' id='word_1_174' title='bbox 981 2267 1429 2322; x_wconf 84' lang='lat' dir='ltr'>constitutionem,</span> <span class='ocrx_word' id='word_1_175' title='bbox 1481 2280 1657 2312; x_wconf 82' lang='lat' dir='ltr'>caren-</span> 
     </span>
     <span class='ocr_line' id='line_1_30' title="bbox 292 2341 1656 2417; baseline -0.005 -18"><span class='ocrx_word' id='word_1_176' title='bbox 292 2362 468 2417; x_wconf 86' lang='lat' dir='ltr'>tesqve</span> <span class='ocrx_word' id='word_1_177' title='bbox 509 2353 645 2399; x_wconf 86' lang='lat' dir='ltr'>omni</span> <span class='ocrx_word' id='word_1_178' title='bbox 681 2358 935 2416; x_wconf 89' lang='lat' dir='ltr'>potestate</span> <span class='ocrx_word' id='word_1_179' title='bbox 973 2343 1258 2413; x_wconf 88' lang='lat' dir='ltr'>spirituali,</span> <span class='ocrx_word' id='word_1_180' title='bbox 1314 2341 1656 2392; x_wconf 73' lang='lat' dir='ltr'>declarantura</span> 
     </span>
    </p>
   </div>
   <div class='ocr_carea' id='block_1_4' title="bbox 1264 2663 1591 2735">
    <p class='ocr_par' dir='ltr' id='par_1_4' title="bbox 1264 2663 1591 2735">
     <span class='ocr_line' id='line_1_31' title="bbox 1264 2663 1591 2735; baseline 0 -19"><span class='ocrx_word' id='word_1_181' title='bbox 1264 2663 1312 2735; x_wconf 80' lang='lat'>§.</span> <span class='ocrx_word' id='word_1_182' title='bbox 1352 2665 1591 2717; x_wconf 84' lang='lat' dir='ltr'>LXXVI.</span> 
     </span>
    </p>
   </div>
  </div>
 </body>
</html>
