1779 3128
912 171 1096 190 *—

320 178 413 228 272
912 191 1096 204 ὴ*-

238 282 241 284 ’
317 298 451 336 rent.
530 299 603 344 13.
642 284 836 333 Domus
875 289 1104 353 erigatur
1137 305 1232 355 pro
1276 288 1513 339 Parochis
1547 293 1690 341 senio
1759 318 1777 350 5

320 366 571 417 confectis
605 402 620 424 ,
677 376 764 414 aut
815 367 887 414 sic
941 367 1294 431 defectuosis,
1350 382 1403 418 ut
1457 371 1694 420 officium
1755 418 1759 423 .

320 463 420 494 non
474 445 696 510 amplius
738 448 993 512 'peragere
1030 451 1243 513 possint.
1332 449 1521 498 Omnes
1559 450 1691 499 hunc
1755 439 1777 507 ᾗ,

318 529 370 573 is}
412 526 565 572 finem
614 525 882 588 conferant
931 543 1026 592 pro
1063 527 1218 576 modo
1265 529 1536 579 facultatis.
1616 544 1691 584 14.
1758 519 1779 590 ξ>

319 605 418 653 ΡΡ.
469 604 797 652 Franciscani
829 641 844 664 ,
911 605 1107 669 absqve
1165 607 1412 656 Praesulis
1465 608 1687 670 indultu,
1758 595 1770 612 ’

320 687 534 752 privatis
571 686 624 731 in
661 684 872 732 aedibus
906 685 1123 732 Missam
1161 701 1225 732 ne
1260 686 1557 749 celebrent3
1593 706 1689 736 nec
1750 710 1779 732 ·==

315 762 497 811 domos
546 765 597 811 in
649 761 1029 829 praeiudicium
1085 763 1298 812 Parochi
1359 765 1687 826 benedicant,
1750 757 1753 771 ’

317 854 404 891 aut
441 843 735 910 baptisent,
772 843 859 893 vel
895 842 1145 891 adsistant
1182 847 1549 897 matrimonio.‘
1618 846 1689 896 A·

316 921 515 987 lioqvin
554 923 823 970 Sanctitati
860 938 979 970 suae
1018 921 1311 973 accusandi.

877 1051 925 1121 ς.
997 1055 1156 1105 CXV.

373 1176 655 1252 Synodus
697 1173 1148 1234 MDCLXXII.
1194 1189 1255 1234 et
1295 1175 1614 1254 sequentis.

449 1318 714 1389 Synodum
752 1324 815 1372 ab
854 1324 1038 1374 eodem
1069 1324 1222 1374 fuisse
1249 1324 1563 1373 celebratam
1601 1340 1689 1372 an·

316 1418 385 1452 no
430 1404 570 1464 1672.
609 1407 751 1452 testis
787 1416 862 1452 est
900 1403 1029 1464 illal,
1081 1421 1211 1469 qvae
1250 1421 1384 1452 anno
1421 1402 1560 1451 haud
1599 1421 1691 1452 no·
1750 1430 1751 1436 κ

313 1492 462 1540 tat0,
512 1485 644 1530 inter
692 1483 855 1531 editas
902 1494 1062 1550 typo,
1113 1485 1318 1534 testium
1375 1483 1573 1531 obtinet
1611 1483 1688 1530 lo-

312 1578 473 1623 cum3
527 1563 665 1609 cuius
716 1565 896 1626 qvinta
951 1563 1283 1623 constitutio,
1332 1562 1464 1610 hanc
1499 1563 1688 1628 praefi·
1754 1553 1756 1559 ¹

313 1657 433 1690 xam
481 1639 640 1689 habet
688 1642 1114 1707 inscriptionem:
1165 1645 1450 1690 Renovatio
1503 1645 1693 1690 decreti

317 1725 464 1769 tertii
494 1739 621 1767 anno
665 1720 802 1782 1669.
852 1732 902 1767 et
947 1724 1140 1768 decreti
1182 1725 1343 1785 quinti
1373 1739 1501 1768 anno
1544 1719 1685 1779 1672.

312 1797 462 1862 Qvae
498 1800 792 1848 constitutio
829 1798 959 1847 illud
992 1799 1382 1866 complectitur,
1417 1809 1469 1846 ut
1503 1797 1685 1846 Archi-

314 1875 521 1926 diaconi
559 1879 846 1944 significent
894 1880 946 1926 in
985 1878 1226 1927 Dioecesi
1265 1877 1561 1925 demortuos
1600 1877 1687 1924 Sa-

313 1955 549 2005 cerdotes
598 1959 699 2005 suis
746 1957 1284 2006 Vice-Archidiaconis
1315 1991 1330 2014 ,
1378 1955 1468 2004 sub
1517 1972 1686 2022 poena

312 2036 602 2084 arbitraria.
677 2036 772 2094 Et,
809 2047 862 2084 ut
897 2052 1049 2084 nemo
1087 2034 1347 2094 Clericus,
1396 2044 1569 2082 teneat
1606 2050 1685 2085 su·
1746 2039 1752 2082 r*

312 2125 564 2180 spectam.
633 2113 922 2163 Tantillum
961 2113 1025 2162 de
1062 2112 1272 2179 Synodo
1309 2129 1684 2162 commemora·
1746 2138 1748 2145 ν

313 2205 386 2241 ta.
461 2195 607 2259 Qvae
645 2205 816 2242 autem
853 2211 974 2241 mox
1011 2210 1143 2241 anno
1172 2202 1417 2256 seqvente
1455 2190 1686 2239 celebra-

311 2271 490 2329 batur,
538 2273 689 2338 plura
727 2275 973 2321 continet.
1062 2271 1316 2319 Nimirum
1362 2285 1402 2318 1.
1440 2269 1684 2317 Sacerdo-

311 2362 389 2399 tes
429 2350 723 2412 diffamati,
763 2351 902 2416 qvod
938 2368 1037 2399 non
1076 2361 1210 2400 recte
1239 2348 1526 2405 celebrent,
1568 2365 1685 2414 pro-

309 2429 498 2480 bentur
543 2434 715 2477 coram
762 2430 1241 2486 Archi-Diacono,
1296 2427 1379 2474 vel
1432 2427 1532 2474 alio
1573 2426 1683 2475 ido-

298 2505 445 2565 'neo;
483 2525 582 2555 non
631 2508 929 2567 emendati,
975 2506 1352 2574 suspendantur
1388 2522 1414 2553 a
1452 2506 1685 2554 celebra-

314 2590 483 2645 tione,
524 2604 686 2652 usqve
725 2589 845 2637 dum
878 2589 1191 2654 Episcopus,
1230 2598 1315 2634 aut
1344 2585 1576 2633 Vicarius
1607 2586 1682 2632 in-

777 2677 779 2682 ⁴
1517 2663 1618 2711 for-
