1779 3128
693 212 878 241 ΕΞ
1376 212 1471 260 229

94 325 247 383 dum,
285 334 334 372 et
362 322 660 371 instandum
694 334 749 371 ut
785 333 1013 389 pastores
1057 337 1334 388 pecorum,
1372 319 1471 367 sal-

94 416 201 454 tem
226 402 404 452 diebus
433 402 757 462 Dominicis,
797 400 862 448 ad
899 403 1149 462 Missam,
1188 412 1236 448 et
1270 402 1472 448 concio-

93 501 214 532 nem
242 484 528 530 mittantur.
585 495 658 538 14.
689 481 1017 530 Sacramenta
1049 483 1101 527 in
1132 480 1335 546 templis
1359 480 1474 546 pul-

89 561 213 611 chre
253 572 303 610 et
339 561 581 628 religiose
615 572 903 609 serventur.
982 577 1056 620 15.
1094 560 1345 617 Parochi,
1387 561 1475 623 qvi

95 652 314 708 propter
385 642 718 690 Sacerdotum
787 641 1103 707 paucitatem
1175 640 1475 704 freqventer

94 723 334 770 confiteri
378 737 481 769 non
525 731 774 788 possunt,
831 718 896 767 ad
941 722 1212 768 minimum
1263 719 1475 786 singulis

93 799 437 849 hebdomadis
482 811 696 867 peccata
740 800 972 848 confiteri
1009 809 1305 847 teneantur.
1402 801 1475 847 16.

93 879 488 929 Sanctissimum
521 879 828 945 Symbolum
853 878 922 927 D.
951 877 1221 928 Athanasii
1260 878 1322 926 de
1351 877 1476 925 San-

93 971 176 1009 cta
212 958 507 1018 Trinitate,
562 971 612 1008 et
659 957 763 1007 fide
816 957 1120 1020 Catholica,
1173 957 1476 1022 freqventer

41 1045 51 1057 '
93 1038 292 1105 populo
330 1037 654 1099 declaretur,
693 1050 743 1087 et
782 1038 1082 1089 inculcetur.
1180 1052 1254 1097 17.
1295 1038 1474 1086 Vestes

97 1134 275 1166 sacrae
314 1130 421 1166 tam
460 1118 836 1178 sacerdotales,
892 1135 1048 1183 qvam
1085 1117 1288 1177 altaris,
1328 1134 1478 1166 mun·
1547 1129 1553 1139 ‘

98 1194 163 1244 de
205 1197 493 1246 servandae
514 1235 530 1256 ,
569 1210 618 1246 et
654 1201 705 1246 in
734 1215 865 1247 anno
898 1198 963 1245 ad
989 1200 1264 1246 minimum
1296 1196 1374 1246 bis
1402 1196 1477 1244 la·

93 1275 315 1326 vandae.
395 1283 469 1330 18.
509 1277 778 1335 Missalia,
816 1288 866 1325 et
902 1278 1012 1325 aliii
1042 1277 1161 1324 libri
1201 1279 1300 1324 sint
1333 1293 1477 1326 com·

92 1355 255 1423 pleti,
296 1366 346 1404 et
381 1355 618 1423 perfecti.
711 1371 784 1418 19.
846 1355 1162 1405 Coemiteria
1202 1359 1303 1404 sint
1342 1356 1476 1403 bene

98 1438 314 1484 munita.
403 1451 481 1484 20.
534 1434 716 1494 Calix,
767 1446 817 1483 et
862 1446 1055 1502 patena
1105 1438 1207 1483 sint
1256 1437 1477 1501 integra,

98 1530 202 1562 non
237 1515 408 1581 lignea
436 1551 451 1574 ,
501 1526 587 1563 aut
622 1518 802 1564 vitrea.
893 1530 970 1564 21.
1019 1514 1206 1562 Nullus
1246 1513 1478 1563 Clericus

99 1596 165 1642 sit
215 1594 500 1661 litigiosus,
555 1605 643 1642 aut
693 1595 951 1654 ebriosus,
1003 1611 1097 1643 nec
1146 1597 1197 1642 in
1248 1594 1477 1642 tabernis

100 1671 266 1721 bibat.
342 1689 418 1721 22.
457 1673 639 1721 Nullus
674 1677 970 1732 venationi,
1010 1685 1093 1724 aut
1136 1677 1365 1742 aucupiis
1404 1677 1480 1722 in-

99 1754 309 1801 serviat.
396 1766 473 1810 23.
523 1752 604 1801 Ab
654 1757 815 1802 usuris
869 1766 1085 1803 caveant
1121 1753 1480 1803 vehementer.

105 1846 185 1886 24.
221 1831 506 1897 Apostatae
556 1832 621 1879 ad
669 1848 758 1880 sua
806 1834 1130 1881 Monasteria
1178 1833 1349 1881 redire
1398 1851 1482 1882 co-

103 1922 309 1978 gantur.
399 1926 477 1971 25.
533 1912 687 1959 Sacra
734 1912 902 1960 Biblia
940 1911 1128 1961 Clerici
1178 1930 1356 1961 omnes
1392 1913 1482 1961 ha-

101 1992 275 2041 beant.
378 1992 456 2040 26.
508 1991 678 2040 Barba
732 2009 761 2042 a
811 1991 1023 2040 Clericis
1075 2009 1180 2040 non
1229 1995 1485 2042 nutriatur

105 2070 370 2130 studiose,
416 2071 537 2130 sed,
589 2075 631 2120 si
684 2075 913 2139 cuipiam
951 2071 1178 2139 gerenda
1213 2077 1484 2140 permitta-

105 2162 218 2211 tur,
260 2168 288 2199 a
327 2155 588 2218 superiore
626 2163 796 2201 tamen
832 2152 981 2200 labro
1020 2152 1366 2200 abscindatur.
1406 2165 1484 2212 27.

105 2230 344 2281 Clericali
385 2231 565 2280 habitu
602 2232 903 2280 Sacerdotes
941 2249 1120 2283 omnes
1162 2243 1400 2290 utantur,
1437 2242 1488 2280 et

108 2320 368 2361 tonsuram
416 2328 521 2359 non
574 2322 834 2378 gestantes
875 2313 1175 2377 puniantur.
1266 2319 1344 2365 28.
1380 2311 1490 2360 An..

111 2389 257 2437 nulus
295 2388 542 2448 Clericis,
581 2391 673 2438 sub
713 2393 819 2439 eius
855 2394 1147 2458 privatione
1182 2390 1489 2458 prohibitus.

116 2481 195 2528 29.
231 2467 462 2518 Choreae
499 2470 714 2518 Clericis
765 2472 977 2520 omnino
1024 2469 1315 2537 prohibitae
1353 2482 1489 2522 sunt.

115 2561 197 2606 30.
236 2545 491 2597 Convivia
536 2552 588 2599 in
637 2567 812 2598 novae
862 2552 1056 2599 Missae
1114 2550 1490 2608 celebratione,

115 2637 332 2694 excepto
368 2625 637 2678 moderato
687 2632 938 2699 prandio,
989 2642 1039 2680 et
1075 2647 1274 2691 coe-na,
1319 2628 1492 2697 probi*

1299 2709 1426 2759 bita.
