1811 3128
320 210 380 248 12
904 205 1091 224 ——·'''

314 332 366 369 te
402 317 725 381 subdiderit,
764 331 814 370 et
851 323 1122 369 canonicus
1160 320 1313 370 fuerit
1350 319 1546 381 factus,
1593 322 1675 371 ni·

314 399 390 448 hil
427 398 493 447 ad
541 399 704 447 filium
750 402 857 448 eius
908 399 971 448 de
1023 401 1357 467 proventibus
1394 403 1673 466 pertineat,

315 480 414 527 nisi
450 476 546 526 hoc
585 478 810 527 Voluerit
843 489 1006 545 pater.
1043 478 1103 542 h)
1194 484 1310 542 Cap.
1349 491 1426 538 29.
1465 480 1514 526 Si
1557 481 1673 544 qvis

316 556 578 616 Clericus,
616 557 878 606 Ecclesiae
914 575 1090 606 servus
1123 557 1311 615 fuerit,
1347 560 1453 605 eius
1486 557 1580 606 filii
1609 574 1674 606 ne

316 635 444 684 fiant
482 634 698 702 perinde
735 639 903 697 servi,
941 647 991 685 at
1027 654 1153 685 vero
1189 639 1320 685 inter
1354 636 1541 684 liberos
1576 635 1677 685 Ec-

313 713 501 762 clesiae
550 713 854 766 habeantur.
936 714 994 778 i)
1050 721 1164 778 Cap.
1212 728 1293 773 30.
1339 716 1526 763 Servus
1569 731 1676 764 non

313 794 411 841 nisi
447 793 658 859 plenam
704 805 1004 858 asseqvutus
1052 794 1346 843 libertatem
1377 830 1393 854 ‚
1445 792 1678 843 Clericus

314 871 598 921 ordinetur.
648 871 711 935 k)
804 878 920 936 Cap.
968 885 1048 930 31.
1098 877 1424 938 Presbyter-is
1472 892 1675 934 uxores,

312 969 435 1016 qvas
470 942 791 1016 in⁰legitimis
830 954 1102 1000 Ordinibus
1134 963 1428 1013 acceperunt
1449 988 1464 1011 ,
1516 956 1679 1000 mode-

310 1034 478 1079 ratius
512 1033 795 1090 habendas‚
827 1035 1059 1094 praevisa
1080 1032 1410 1094 fragilitate,
1440 1028 1676 1097 indulge-

314 1118 415 1158 tur.
483 1107 540 1170 l)
584 1112 700 1172 Cap.
732 1120 816 1167 32.
853 1107 1201 1157 Diaconatum
1224 1108 1312 1156 vel
1347 1108 1678 1174 Presbytera·

1491 1199 1602 1236 tum

364 1340 419 1396 h)
447 1342 665 1400 Intellige
696 1343 771 1385 hic
803 1343 1126 1386 Canonicatum
1157 1343 1436 1400 Regularem
1458 1373 1472 1393 ,
1515 1357 1592 1385 seu
1623 1343 1671 1386 in

422 1412 705 1453 comunitate
747 1411 1041 1469 exigendum.
1114 1411 1268 1468 Qvalis
1310 1421 1356 1452 et
1395 1412 1566 1452 dudum
1608 1413 1672 1453 vi-

420 1480 524 1536 guit
553 1481 599 1521 in
630 1479 836 1521 Ecclesia
864 1479 1157 1535 Hungarica,
1192 1488 1238 1520 et
1265 1493 1411 1533 nuper
1445 1478 1673 1522 beneficio

420 1548 560 1603 Regis
593 1547 849 1601 Apostolici
878 1547 1106 1588 Francisci
1137 1547 1319 1589 revixit.
1388 1547 1437 1599 i)
1469 1548 1566 1588 Hoc
1596 1547 1677 1587 be·

421 1614 638 1656 neficium
668 1629 740 1668 ap,
770 1628 883 1663 nos,
915 1615 1077 1656 Graeci
1105 1616 1219 1656 ritus
1248 1614 1497 1656 Catholicis
1517 1614 1675 1656 Sacer-

422 1684 585 1724 dotum
622 1681 763 1732 filiis,
803 1685 986 1739 Regum
1035 1682 1253 1732 indultu,
1294 1691 1341 1723 et
1379 1682 1485 1739 lege
1525 1682 1675 1738 Regni

421 1750 642 1792 collatum
667 1765 790 1800 esse3
822 1751 957 1792 docui
982 1751 1032 1808 in*
1047 1752 1146 1791 iure
1170 1749 1357 1803 publico
1377 1750 1500 1793 Eccl.
1520 1750 1672 1807 Hung.

421 1817 460 1877 ᾗ.
495 1829 588 1868 282.
648 1820 698 1872 k)
727 1819 877 1860 Hodie
901 1820 946 1860 in
968 1819 1173 1860 Ecclesia
1197 1819 1487 1874 Hungarica,
1517 1817 1674 1860 locum

419 1900 513 1928 non
544 1886 714 1928 habere
746 1886 874 1928 illam
906 1888 1198 1936 servitutem,
1228 1901 1339 1940 qvae
1372 1886 1568 1940 impedit
1596 1899 1670 1927 or-

421 1955 736 2004 dinationem,
767 1956 903 1997 docui
946 1957 993 1996 in
1022 1957 1126 1997 Iure
1158 1955 1337 2010 privato
1366 1955 1487 1998 Eccl.
1521 1955 1674 2011 Hung.

421 2022 460 2080 ᾗ.
499 2036 592 2078 343.
656 2023 707 2078 l)
745 2023 830 2064 Hic
872 2024 994 2065 inter
1035 2025 1236 2065 minores
1278 2022 1482 2079 intelligi
1528 2023 1668 2064 etiam

419 2091 839 2140 Subdiaconatum,
869 2100 915 2132 et
943 2105 1131 2144 seqvens
1163 2091 1293 2131 illico
1326 2104 1473 2131 canon
1502 2091 1672 2140 innuit,

419 2168 467 2200 et
494 2158 734 2200 Colomani
766 2159 889 2199 decr.
923 2159 1045 2199 libro
1089 2160 1148 2201 II.
1180 2173 1278 2212 cap.
1321 2172 1359 2213 9.
1400 2158 1675 2208 decernens,

418 2241 473 2269 ne
502 2230 686 2280 aliquem
720 2227 968 2280 Episcopus
989 2237 1253 2279 promoveat
1283 2228 1343 2267 ad
1360 2224 1676 2275 Diaconatum,

421 2304 465 2335 et
500 2298 639 2347 vltra,
670 2302 755 2336 nise·
776 2302 904 2348 prius
935 2301 1243 2335 continentiam
1274 2301 1450 2336 voverit
1480 2303 1566 2338 etc.
1614 2293 1675 2334 Et

423 2376 520 2420 cap.
557 2378 619 2407 10.
673 2365 836 2403 Nullus
866 2371 1130 2416 coniugatus
1160 2363 1437 2415 Presbyter,
1467 2371 1548 2402 aut
1569 2362 1674 2402 Dia-

418 2447 556 2473 sonus
586 2434 723 2471 altari
755 2438 947 2483 serviat,
988 2437 1073 2472 nisi
1103 2436 1232 2482 prius
1261 2445 1406 2470 uxore
1436 2431 1675 2471 conceden-

418 2509 476 2541 te.
544 2499 630 2540 Ubi
672 2499 800 2540 nulla
840 2499 1234 2539 Subdiaconorum
1276 2484 1485 2542 υἰεεῐηίο,ί
1537 2498 1674 2555 Qveis

418 2567 686 2609 continendi
716 2567 1059 2615 necessitatem,
1088 2567 1322 2606 tardiores
1348 2566 1581 2609 Ecclesiae
1610 2567 1674 2607 le-

419 2649 528 2690 pes,
559 2637 890 2689 imposuerunt.
967 2636 1078 2678 Vide
1107 2648 1260 2676 meum
1289 2635 1362 2677 Ius
1393 2635 1522 2691 publ.
1548 2633 1674 2677 Eccl-

419 2704 566 2762 Hung.
600 2702 717 2762 §pho
747 2718 842 2758 50¹·
