1779 3128
708 203 893 235 Ξ
1392 202 1487 251 293

637 311 686 382 9
758 315 994 366 cxxnn

531 462 747 521 Tertia
788 483 889 520 an.
937 481 1055 538 seq.

245 639 529 704 Pos-tqvam
565 640 775 689 Praesul
797 637 1144 706 Theophylus
1177 653 1313 686 anno
1343 635 1485 699 1698.

109 738 288 770 mense
327 721 489 778 lulio,
528 737 589 768 ex
622 720 712 768 hac
738 720 943 768 mortali
970 722 1078 767 vita
1109 716 1347 775 decessit,
1377 719 1490 780 qvi-

112 800 234 849 dam
286 799 593 848 Valachicos
649 799 995 858 Sacerdotes,
1049 814 1234 864 parum
1290 795 1490 845 urbane

110 880 393 928 habebant.
489 878 793 948 Theophyli
843 896 1046 945 qvoqve
1084 881 1134 926 in
1173 877 1492 943 Episcopatu

113 961 390 1009 Successor
427 959 766 1018 Athanasius,
806 959 870 1007 de
910 961 1076 1007 Sacris
1106 949 1494 1006 Catholicorum

112 1039 243 1088 nihil
283 1041 566 1105 cogitabat.
639 1040 922 1089 Periculum
961 1050 1068 1087 erat
1094 1036 1495 1086 Schismatis.re-

113 1119 359 1170 novandi.
435 1119 629 1168 Verum
666 1123 947 1186 praecipua
987 1118 1041 1166 Ρ.
1083 1117 1230 1166 Pauli
1265 1117 1495 1181 Baranyi

115 1200 329 1246 solertia
368 1198 566 1246 factum
602 1210 705 1255 est,
756 1210 808 1247 ut
844 1197 984 1246 idem
1021 1196 1284 1256 AntisteS,
1324 1195 1497 1244 exem·

90 1278 202 1345 ‘plo
241 1278 544 1327 Decessoris
583 1279 950 1344 profiteretur,
1006 1294 1255 1341 suamqve
1295 1275 1496 1342 profes-

117 1361 349 1416 sionem,
388 1358 472 1407 die
511 1373 558 1419 7.
599 1358 716 1405 Iulii
754 1374 889 1405 anno
916 1358 1128 1416 eodem,
1167 1357 1498 1424 subscriptio-

116 1454 215 1496 ne,
253 1437 530 1503 sigilloqve
569 1440 930 1487 communiret.
1015 1436 1167 1503 Qvod
1215 1436 1410 1485 factum
1445 1455 1498 1486 e-

116 1519 193 1564 ius
224 1554 238 1575 ,
300 1529 504 1565 tantum
556 1519 801 1566 excitavit
855 1517 1094 1566 ardorem
1146 1520 1198 1565 in
1255 1515 1498 1565 cordibus

120 1595 264 1644 Cleri
298 1599 407 1655 sui,
444 1608 498 1646 ut
535 1596 614 1646 hic
653 1614 785 1645 anno
828 1598 972 1655 1699.
1025 1596 1107 1646 die
1144 1611 1226 1655 3ο.
1264 1597 1498 1663 Septem-

118 1675 255 1734 bris,
286 1679 421 1724 iussu
458 1677 716 1724 Praesulis
752 1676 921 1724 Albae
950 1677 1107 1724 Iuliae
1144 1687 1501 1742 congregatus,

120 1754 338 1803 iurando
375 1759 484 1803 iure
528 1756 787 1822 professus
826 1757 1016 1805 fuerit:
1064 1757 1211 1805 Nolle
1261 1775 1315 1805 se
1350 1760 1412 1804 ab
1451 1775 1503 1803 ιι-

121 1841 264 1884 m'osze
319 1840 575 1884 Ecclesiae
609 1839 844 1884 Romano
866 1864 884 1873 -
911 1840 1200 1886 Catholicae
1250 1840 1498 1896 recedere,

121 1934 210 1964 nec
263 1920 356 1964 ulli
403 1905 664 1981 Religioni
711 1920 972 1964 Ecclesiae
1020 1919 1504 1966 Romano-Catholi-

128 2014 216 2043 cae
251 1999 546 2043 adversanti
575 1999 857 2044 adhaerere.
943 1995 1362 2066 subscripserunt
1409 2012 1502 2044 Ve-

123 2091 178 2121 ro
232 2073 348 2122 huic
395 2073 779 2132 declarationi,
824 2074 1137 2122 Athanasius
1193 2076 1503 2143 EpiscopuS‚

122 2153 566 2215 Archi-Diaconi,
609 2170 666 2202 ac
704 2152 883 2202 Clesus
921 2157 1212 2206 universus„
1251 2157 1314 2220 v)

1135 2521 1435 2593 §.CXXV.

184 2654 234 2708 v)
265 2655 376 2695 vide
417 2655 469 2698 P.
511 2657 721 2700 Andreae
764 2656 899 2705 Illia,
941 2666 1094 2699 ortum
1127 2667 1174 2700 et
1205 2673 1500 2716 progressum

236 2724 406 2768 variar.
438 2725 486 2767 in
515 2727 660 2769 Dacia
691 2727 906 2768 Gentium
939 2739 990 2769 ac
1013 2726 1332 2786 Religionum,
1363 2727 1403 2787 §-
1424 2730 1504 2779 1314„
