1779 3128
740 241 926 258 “-“-“
1428 246 1514 280 101

144 356 363 405 salutare
408 370 535 420 opus
565 391 580 414 ,
633 370 662 401 a
699 353 842 401 nobis
880 353 1131 403 hactenus
1174 353 1380 421 impleri
1418 369 1521 402 non

145 436 324 484 valuit.
396 433 838 482 Clementissimus
876 444 1084 491 tamen,
1132 446 1182 482 et
1231 435 1522 482 misericors

143 516 392 564 Dominus
417 551 431 572 ,
473 517 562 579 qvi
598 529 869 578 nunqvam
909 517 980 562 ita
1016 516 1254 562 irascitur
1280 551 1295 573 ,
1336 524 1390 561 ut
1426 516 1522 560 mi-

144 593 456 643 sericordiae
494 608 596 642 non
635 591 969 651 recordetur,
1008 593 1154 642 nobis
1189 610 1396 658 qvoqve
1435 609 1526 660 pa-

143 691 290 734 cem,
331 685 380 723 et
420 676 815 723 unanimitatem
866 671 1061 720 donare
1101 671 1432 739 dignabitur,
1470 684 1527 720 ut

140 754 379 821 praefata
419 753 708 804 Nationalis
763 751 1002 819 Synodus
1041 769 1130 800 suo
1168 764 1401 818 tempore
1443 769 1526 800 ce-

141 833 392 882 lebretur.
465 832 580 881 Non
605 822 1069 900 praetermittimus
1094 835 1300 881 interim
1334 833 1527 895 (qvan-

141 924 253 961 tum
305 913 454 961 nobis
521 930 582 961 ex
643 913 747 962 alto
800 913 1148 976 conceditur)
1203 911 1353 978 vigili
1409 916 1549 960 cura

147 996 480 1040 commissum
516 1004 692 1041 nostro
730 995 969 1059 regimini
1006 1010 1256 1060 gregem,
1299 996 1351 1041 in
1390 995 1529 1039 viam

146 1070 515 1121 mandatorum
551 1071 765 1120 Domini
809 1071 1068 1139 dirigere,
1123 1072 1306 1120 Divini
1344 1071 1527 1119 Numi-

92 1217 98 1221 ,
143 1156 221 1201 nis
259 1152 453 1200 cultum
481 1152 828 1217 protendere,
869 1152 1026 1200 fidem
1064 1151 1392 1216 Catholicam
1417 1168 1528 1199 am-

143 1231 348 1298 pliare,
390 1247 449 1287 ea
488 1229 699 1278 demum
738 1243 983 1297 prompto
1022 1231 1179 1280 corde
1205 1268 1221 1290 ,
1257 1242 1307 1279 et
1345 1220 1526 1278 effica-

142 1313 186 1358 ci
217 1309 473 1358 desiderio
513 1312 810 1374 inqvirere,
865 1310 1049 1374 qvibus
1079 1310 1381 1359 Orthodoxa
1421 1309 1528 1358 Ro-

145 1406 309 1437 mana
347 1388 579 1437 Ecclesia
641 1388 898 1437 exaltetur
925 1426 940 1448 ,
1005 1389 1168 1437 falsae
1232 1391 1528 1457 doctrinae,

144 1456 395 1534 perversi
419 1485 616 1516 errores
646 1471 1031 1535 exstirpentur,
1070 1470 1302 1534 supremi
1336 1472 1388 1516 in
1426 1481 1528 1517 ter-

146 1550 214 1595 ris
255 1546 441 1595 Christi
478 1547 672 1596 Vicarii
708 1559 937 1614 potestas
974 1551 1205 1614 integra,
1246 1548 1530 1597 inviolata·

152 1643 254 1689 qve
292 1629 553 1692 persistat.
630 1628 769 1676 Inter
809 1639 1016 1676 caetera
1053 1640 1260 1688 autem,
1300 1646 1434 1692 qvae
1476 1647 1529 1678 se

147 1705 296 1753 nobis
347 1706 655 1773 corrigenda
685 1745 700 1767 ,
753 1719 803 1756 et
853 1706 1172 1756 eliminanda
1208 1707 1528 1767 obtulerunt,

146 1796 198 1832 et
236 1802 435 1834 moram
473 1790 582 1853 pati
622 1804 725 1836 non
761 1798 1008 1854 possunt,
1063 1786 1258 1851 absqve
1297 1786 1528 1835 evidenti
1571 1788 1574 1791 ’

144 1865 382 1932 periculo
432 1870 755 1927 animarum,
810 1883 910 1915 non
948 1866 1191 1914 ultimum
1243 1866 1415 1916 locum
1452 1880 1529 1915 te-

144 1956 303 2003 nent,
343 1958 565 2009 qvatuor
602 1947 721 1996 illae
758 1948 1176 2014 propositioneS,
1215 1963 1347 2010 qvae
1389 1946 1528 1994 Cleri

147 2022 410 2072 Gallicani
449 2043 616 2092 nuper
666 2027 873 2074 Parisiis
909 2029 1249 2092 congregati,
1295 2029 1530 2086 nomine,

144 2104 490 2170 prodiverunt
511 2144 527 2166 ,
566 2107 811 2156 videlicet
835 2124 846 2155 :

282 2269 507 2317 Primum
523 2287 544 2317 .·
590 2272 656 2317 B.
705 2272 866 2317 Betro
914 2273 1107 2335 eiusqve
1145 2269 1530 2319 Successor-ibus

155 2348 355 2394 Christi
389 2350 641 2408 Vicariis,
684 2353 868 2412 ipsique
903 2353 1163 2398 Ecclesiae
1216 2368 1383 2396 rerum
1431 2353 1533 2412 spi·

152 2428 411 2472 ritualium
439 2463 455 2486 ,
505 2439 555 2474 et
608 2432 679 2476 ad
721 2440 976 2477 aeternam
1025 2432 1238 2476 salutem
1279 2433 1533 2491 pertinen-

152 2505 312 2561 tium,
349 2523 443 2553 non
476 2518 642 2555 autem
682 2512 932 2571 civilium,
984 2527 1045 2556 ac
1082 2512 1462 2571 temporalium,
1500 2527 1532 2555 a

154 2582 271 2628 Deo
337 2588 576 2634 traditam
633 2600 936 2651 potestatem
963 2625 979 2648 ,
1035 2592 1228 2637 dicente
1274 2590 1534 2637 Domino:

150 2659 391 2728 Regnum
447 2681 621 2716 meum
667 2686 770 2718 non
828 2680 904 2718 est
964 2666 1027 2717 de
1064 2668 1158 2719 hoc
1194 2666 1394 2720 mundo
1414 2684 1435 2727 3*
1483 2676 1532 2714 et

1379 2754 1469 2797 ite=
