1779 3128
278 230 379 273 140
876 224 1059 260 Q

281 339 459 390 diebus
496 337 852 391 comedantur.
923 342 1102 407 ‘Atqve
1150 352 1266 392 tunc
1303 342 1649 399 Ecclesiastici

279 419 567 488 hospitibus
606 421 747 469 cibos
782 423 972 470 vetitos
1008 426 1306 488 neutiqvam
1332 440 1645 494 proponant.

851 549 900 620 5.
972 556 1081 606 LV.

497 674 636 750 Cap.
682 676 807 734 IV:
891 678 987 733 De
1027 679 1227 736 Bonis
1267 683 1327 738 E
1333 681 1438 738 ccl.

413 819 598 887 Capite
646 835 830 888 qvarto
881 827 1153 886 seqventia
1202 825 1647 876 decernebantur:

283 915 325 950 1.
364 898 447 950 Ad
499 901 797 951 evitandam
843 900 1107 952 Bonorum
1165 903 1647 953 Ecclesiasticorum
1728 906 1753 936 --⁴

280 984 773 1047 oppignorationem
803 1019 818 1040 ‚
863 981 950 1029 vel
986 981 1354 1030 alienationem
1377 1019 1392 1041 ‚
1443 996 1649 1049 rogatur

278 1051 489 1108 nomin-e
538 1059 732 1127 Synodi
785 1061 1034 1108 Maiestas
1088 1060 1295 1127 Regia,
1346 1072 1398 1109 ut
1451 1059 1659 1118 memor

280 1156 492 1199 eorum,
541 1156 674 1203 qvae
720 1140 928 1188 decreta
976 1150 1172 1207 sunta
1211 1140 1516 1189 Tridentina
1551 1141 1645 1207 Sy·

278 1219 454 1279 nodo,
495 1219 620 1282 l)-a
654 1219 981 1268 Ferdinando
1018 1221 1057 1269 I.
1097 1221 1314 1286 aliisqve
1352 1223 1449 1286 piis
1490 1221 1647 1287 Regi-

278 1296 403 1358 bus,
456 1298 536 1361 m)
589 1301 869 1365 prospiciat
919 1299 1267 1347 Ecclesiarum
1304 1299 1650 1348 indemnitati.

282 1393 329 1427 2.
368 1378 598 1445 Rogatur
635 1371 732 1427 Sua
768 1380 1051 1437 Maiestas,
1088 1390 1140 1427 ut
1176 1378 1307 1426 ultra
1342 1390 1541 1444 tempus
1579 1380 1652 1425 iu-

279 1474 334 1506 re
373 1456 635 1507 Canonico
668 1459 953 1525 praefixum
970 1458 991 1518 '‚
1045 1457 1407 1506 Ecclesiastica
1442 1457 1650 1504 Benefi-

280 1539 363 1584 cia
395 1553 581 1585 vacare
618 1554 681 1587 ne
727 1540 967 1603 patiatur.
1050 1550 1098 1595 3.
1144 1536 1378 1602 Rogatur
1417 1552 1647 1599 qvoqve,

284 1615 484 1664 Statum
520 1616 941 1665 Ecclesiasticum
978 1627 1030 1664 ut
1073 1619 1124 1663 in
1172 1614 1270 1663 hoc
1306 1617 1553 1680 pristinae
1591 1614 1652 1662 li-

277 1692 469 1744 bertati
508 1697 773 1754 restituat,
812 1712 875 1743 ne
915 1694 1135 1743 Camera
1172 1694 1371 1761 Regia,
1412 1691 1651 1741 defuncti

280 1771 505 1822 Praelati
556 1775 728 1834 Bona,
781 1779 852 1824 sic
899 1791 1100 1842 prorsus
1149 1784 1402 1839 occupet,
1455 1774 1545 1819 vix
1597 1783 1653 1820 ut
1734 1790 1739 1797 ’

238 1846 253 1858 ”’
279 1854 576 1921 sepulturae
602 1857 889 1903 necessaria
915 1855 1289 1918 relinqvantur.
1325 1852 1388 1914 n)
1461 1867 1506 1907 4.
1546 1851 1652 1899 Ro-

1493 1947 1582 1997 ga·

338 2064 388 2120 l)
421 2064 533 2106 Sess.
575 2066 717 2109 XXII.
761 2065 886 2107 decr.
930 2065 986 2106 de
1027 2062 1110 2108 ref.
1157 2076 1256 2116 cap.
1287 2063 1365 2104 XI.
1426 2061 1492 2114 m)
1523 2054 1669 2116 Lege*

392 2134 527 2179 Ferd.
558 2134 594 2177 Ι.
636 2135 809 2175 decret.
850 2147 969 2175 anno
1015 2136 1133 2185 1560.
1165 2131 1375 2177 editum,
1416 2142 1551 2182 super
1583 2129 1650 2168 in·

390 2202 577 2255 scriptis
633 2200 939 2258 inpignoratis
992 2210 1078 2241 etc.
1130 2199 1263 2240 Bonis
1320 2197 1442 2238 Eccl.
1499 2195 1648 2251 Regni

388 2270 541 2326 Hung.
574 2271 698 2323 qvod
728 2270 903 2326 legitur
946 2269 991 2309 in
1035 2272 1168 2321 Corp.
1213 2265 1328 2308 Iuris
1361 2265 1508 2319 Hung.
1545 2271 1650 2316 post

390 2337 611 2378 articulos
654 2339 759 2378 anni
801 2336 1136 2391 praecedentis.
1221 2334 1399 2390 Regum
1443 2333 1642 2376 aliorum

390 2405 609 2454 decreta,
648 2406 752 2447 vide
794 2405 839 2445 in
885 2418 986 2446 meo
1028 2405 1131 2445 Iure
1173 2402 1302 2455 publ.
1335 2401 1458 2441 Eccl.
1494 2400 1646 2456 Hung.

389 2471 555 2530 91316.
600 2474 657 2514 ad
686 2473 878 2514 calcem.
950 2471 1002 2523 n)
1044 2471 1188 2513 Cessit
1228 2483 1298 2510 res
1342 2483 1365 2510 e
1397 2477 1507 2510 voto
1542 2481 1650 2508 con-

390 2541 596 2598 gregatis
637 2541 681 2581 in
723 2540 909 2596 Synodo
956 2539 1203 2587 Patribus,
1249 2547 1301 2579 ut
1330 2538 1466 2580 docet
1497 2536 1650 2590 diplo-

390 2622 465 2652 ma
495 2610 624 2652 Ferd.
657 2610 712 2650 ΙΙ.
738 2623 810 2651 an.
845 2613 963 2662 1625.
990 2608 1180 2656 datum,
1211 2619 1298 2659 qvo
1332 2606 1520 2646 modum
1545 2618 1650 2646 con-

391 2677 534 2717 dendi
566 2691 591 2718 a
619 2676 850 2718 Praelatis
895 2675 1157 2718 testamenti
1199 2675 1495 2730 praescribit.
1562 2674 1647 2725 Ap.

391 2741 493 2787 Pe't.
524 2745 578 2786 T.
610 2748 666 2789 Π,
699 2758 802 2802 pag.
834 2755 928 2797 434.
