1779 3128
665 192 850 236 ss-——ffl
1383 210 1440 256 31

77 318 492 375 matrimonium,
540 326 697 381 atqve
745 334 842 365 una
885 335 1002 367 cum
1038 317 1282 367 uxoribus
1314 354 1330 377 ,
1381 317 1447 366 ab

78 418 130 451 se
164 400 374 447 remotis
397 434 412 455 ,
448 399 818 444 continentiam
855 402 1131 457 voverint,
1170 399 1234 447 ad
1271 398 1445 447 altaris

74 480 414 530 ministerium
474 474 734 534 redeant,
800 476 1183 525 Beneficiorum
1237 495 1444 543 qvoqve

69 557 550 614 Ecclesiasticorum
589 571 802 622 capaces
852 556 1032 606 futuri.
1120 572 1193 618 19.
1236 558 1318 621 Illi
1352 575 1445 606 ve-

69 654 161 694 ro,
200 638 288 700 qvi
325 638 573 701 susceptis
611 633 879 682 ordinibus
919 638 1104 694 sacris,
1142 639 1447 702 putatitium

2 715 4 718 ’
68 718 332 764 iniverunt
370 717 792 773 matrimonium,
843 719 1047 763 nonnisi
1083 716 1293 764 dimissa
1331 735 1446 764 mu-

68 794 227 852 liere,
270 794 493 858 dataqve
531 792 634 841 fide
674 810 847 842 coram
889 795 1144 854 testibus,
1184 793 1247 842 de
1287 795 1443 843 relin-

71 876 290 940 qvendis
357 872 699 923 immunditiis
729 911 744 932 ,
801 873 1163 922 Ecclesiastico
1227 891 1443 923 munere

70 955 368 1020 fungantur.
455 953 588 1001 Nam
628 955 737 1001 sive
785 953 1136 1019 legitimarum
1172 953 1282 1001 si‘ve
1319 954 1445 1002 alia-

70 1051 184 1082 rum
237 1036 601 1082 commixtione
651 1043 814 1081 semet
875 1032 1144 1081 foedantes
1194 1036 1446 1099 imposte-

69 1130 217 1170 rum,
255 1113 319 1161 ab
356 1100 530 1160 altaris
567 1113 854 1160 ministerio
891 1130 985 1178 per
1033 1112 1164 1160 hanc
1203 1117 1447 1163 constitu-

70 1195 268 1240 tionem
318 1194 660 1262 seqvestrati,
712 1194 914 1239 nonnisi
965 1191 1104 1258 apud
1158 1191 1443 1241 Canonicos

69 1269 392 1335 Regulares,
429 1269 522 1316 vel·
547 1272 598 1315 in
638 1273 986 1329 monasterio,
1022 1272 1284 1319 deservire
1324 1270 1445 1321 huic

71 1345 460 1416 permittuntur.
551 1364 629 1395 20.
684 1348 742 1396 Id
775 1351 947 1414 ipsum
986 1346 1048 1397 de
1087 1349 1443 1411 Subdiaconis,

72 1440 226 1492 atqve
256 1427 572 1494 presbyteris
604 1430 827 1475 uxoratis
862 1427 1190 1486 decernitur,
1232 1447 1444 1479 conces-

72 1510 138 1556 sis
177 1518 401 1555 attamen
440 1505 691 1565 induciis,
730 1526 877 1572 usqve
911 1511 983 1555 ad
1011 1514 1307 1571 rescriptum
1335 1513 1446 1559 Do·

69 1592 193 1635 mini
234 1590 441 1649 Papae;
489 1589 577 1650 qvi
623 1598 742 1634 tunc
781 1585 1057 1644 Clemens,
1096 1586 1193 1636 hoc
1232 1592 1441 1638 nomine

74 1677 286 1729 qvartus
338 1677 462 1714 erat.
522 1666 578 1728 z)
669 1666 744 1714 Ac
779 1664 910 1713 illud
948 1665 1160 1730 qvidem
1195 1666 1440 1718 hactenus

73 1760 101 1792 a
138 1745 279 1792 nullo
318 1744 579 1793 detectum
629 1756 720 1793 est.
805 1744 1029 1794 Decreta
1065 1763 1193 1794 vero
1234 1748 1442 1813 Legati,

71 1826 368 1889 coniugium
400 1823 551 1872 Clero
588 1823 945 1891 prohibentis,
989 1825 1224 1874 efficacia
1260 1827 1440 1886 fuisse,

71 1913 150 1950 sat
204 1903 324 1951 inde
376 1905 616 1951 coniicias
651 1942 664 1964 ,
719 1902 858 1968 qvod
909 1921 1071 1969 usqve
1122 1905 1187 1954 ad
1235 1917 1440 1973 tempus

74 1980 294 2030 Concilii
347 1981 679 2041 Tridentini,
731 2000 825 2048 pro
875 1983 965 2031 illo
1017 2001 1079 2031 ex
1114 1997 1261 2050 parte
1301 1985 1441 2035 Cleri

69 2059 348 2128 Hungarici
383 2074 682 2130 peroratum
718 2062 874 2112 fuisse
896 2101 910 2126 ‚
951 2080 1053 2112 non
1090 2063 1341 2132 legamus.
1379 2065 1436 2131 a)

1190 2439 1240 2510 §.
1281 2444 1372 2494 XI.

130 2578 183 2631 z)
208 2579 327 2637 Lege
368 2580 580 2642 Peterffy
621 2599 695 2641 op.
755 2587 868 2629 alias
911 2587 1041 2632 citati
1082 2597 1212 2644 parte
1251 2590 1286 2634 Ι.
1326 2588 1438 2631 mihi

181 2660 287 2704 pag·
319 2657 382 2695 88.
416 2666 506 2706 seq.
567 2657 614 2704 a)
645 2656 847 2713 Legatur
872 2656 1073 2698 Historia.
1101 2658 1251 2716 Relig.
1286 2668 1331 2699 et
1360 2659 1441 2698 Ec-

184 2714 241 2755 cl.
277 2715 438 2761 Christ.
468 2721 547 2763 abs
575 2737 649 2766 me
681 2725 835 2775 edita,
863 2727 1059 2781 periodo
1091 2728 1160 2773 IV.
1195 2725 1232 2785 ᾗ
1267 2739 1331 2775 71·
