1779 3128
311 176 399 232 ¹78
897 166 1078 203 ''⁸¹⁸⁸'‘

309 294 498 342 siliario
547 291 860 342 Ferdinandi
909 293 946 344 Ι.
995 296 1407 363 WVesprimiensis
1461 297 1672 363 Episco·

301 392 394 441 pus
439 372 500 420 ab
552 390 685 421 anno
740 390 879 436 1549.
935 392 1066 424 anno
1111 388 1249 439 1553.
1288 375 1670 425 Transsilvani-
1706 377 1712 381 ’

307 455 442 500 ensis
491 452 569 511 ab?
607 452 785 500 eodem
823 453 1145 504 Ferdinando
1183 456 1326 521 Rege
1365 455 1680 504 nominaba-

304 543 401 580 tur.
440 530 500 593 f)
576 532 677 596 Qvi
717 531 1071 592 nihilominus,
1107 549 1238 581 anno
1281 536 1420 594 1556.
1456 547 1670 602 propter

304 609 545 658 defensas
585 622 760 658 contra
798 612 1067 660 Isabellam
1103 613 1298 660 Ioannis
1337 612 1398 660 de
1438 614 1671 681 Zz‘apolya

305 689 546 746 viduam„
584 688 895 737 Ferdinandi
931 702 1133 756 partes,
1183 694 1376 739 cunctis
1413 692 1671 740 facultati-

305 757 426 828 ἰήιε,
463 768 718 832 Bonisqve
757 770 1032 835 spoliatus,
1081 772 1140 835 g)
1190 786 1247 817 ac
1287 771 1462 817 relicta
1500 772 1674 819 infeli-

304 864 365 895 ce
402 850 600 913 patria,
640 864 754 907 cum
794 851 1085 913 qvingentis
1116 849 1401 912 eqvifibus,
1438 866 1532 915 per
1567 851 1672 898 Isa-

306 926 498 974 bellam
545 930 828 974 securitatis
876 943 1027 974 causa
1063 926 1223 985 datis,
1275 931 1326 975 in
1362 929 1673 994 Hungariam
1744 926 1752 963 ’-

306 1004 605 1070 adpellens,
644 1004 704 1066 h)
743 1017 948 1053 retento
977 1006 1217 1072 Episcopi
1246 1003 1674 1056 Transilvanien-

302 1088 367 1132 sis
405 1084 597 1151 titulo,
647 1082 958 1132 Nitriensem
1007 1085 1366 1151 Episcopatum
1414 1089 1462 1133 in
1517 1085 1670 1133 Com-

307 1162 583 1220 mendam,
617 1162 967 1227 honoremqve
1019 1163 1230 1211 Comitis
1268 1168 1503 1229 perpetui
1539 1168 1672 1212 eius-

305 1243 425 1289 dem
462 1242 598 1299 loci,
636 1253 741 1289 tum
780 1241 1100 1300 Consiliarii,
1134 1243 1529 1308 Hungariaeqve
1567 1245 1671 1292 Lo-

310 1324 648 1371 cumtenentis
704 1320 1007 1388 dignitatem
1069 1332 1143 1369 est
1197 1322 1557 1386 conseqvutus.
1612 1323 1671 1386 i)

1450 1401 1604 1449 Man-

418 1520 569 1576 Hung.
611 1517 802 1574 praefat.
844 1520 988 1574 partis
1018 1519 1222 1574 primae3
1265 1530 1311 1562 et
1349 1534 1422 1574 ap,
1454 1519 1672 1574 Stephan.

417 1586 699 1642 VVeszprcmi
728 1618 742 1637 ,
785 1588 830 1629 in
879 1589 1115 1632 succincta
1160 1589 1391 1633 Medicor.
1435 1590 1585 1645 Hung.
1628 1597 1675 1630 et

416 1656 646 1698 Transilv.
678 1656 982 1712 biographia,
1012 1667 1138 1698 tomo
1170 1658 1206 1701 Ι.
1237 1671 1341 1713 pag.
1388 1669 1482 1700 ¹200.
1518 1649 1522 1652 ’
1552 1657 1674 1698 Item

418 1737 473 1764 ex
505 1723 656 1764 literis
687 1724 914 1767 Francisci
944 1724 1184 1782 Forga'ch,
1214 1723 1429 1779 Episcopi
1459 1724 1673 1772 Varadin,

417 1793 477 1832 ad
518 1791 888 1841 Bornemiszam,
930 1791 1005 1833 die
1046 1806 1084 1834 2.
1127 1796 1236 1835 Dec.
1283 1807 1354 1836 an.
1389 1797 1506 1844 1566.
1538 1791 1672 1835 datis.

416 1862 541 1915 Qvae
588 1859 807 1916 leguntur
848 1875 919 1913 ap.
966 1860 1059 1901 RR.
1107 1859 1328 1914 Gdnoczy
1369 1859 1416 1900 in
1446 1859 1558 1912 Epp.
1589 1860 1674 1901 Va-

414 1929 516 1971 rad.
558 1937 688 1980 parte
727 1929 782 1972 ΙΙ.
824 1942 929 1984 pag.
975 1943 1065 1983 127.
1138 1927 1186 1982 f)
1232 1927 1425 1971 Consule
1468 1924 1596 1967 Roka
1625 1929 1675 1969 in

416 1999 531 2047 Epp.
573 1996 815 2048 Wesprim.
860 2011 966 2053 pag.
1009 2010 1102 2050 359.
1146 1997 1268 2049 Pray
1314 1996 1501 2049 specim.
1543 1996 1673 2036 Hier.

415 2064 566 2119 Hung.
599 2073 730 2116 parte
759 2057 803 2105 Ἰ.
836 2078 938 2121 pag.
990 2078 1085 2118 303.
1118 2063 1209 2105 RR.
1240 2063 1453 2103 Szeredai
1484 2064 1529 2103 in
1558 2063 1677 2116 Epp.

418 2130 646 2172 Transilv.
679 2144 786 2187 pag.
831 2143 924 2186 203.
969 2145 1090 2172 meas
1137 2131 1365 2173 Amoenit.
1413 2129 1579 2174 Fascio.
1619 2132 1671 2174 V.

418 2212 542 2242 num.
584 2203 639 2243 ΙΙ.
672 2198 711 2256 §.
747 2213 810 2252 17.
880 2199 931 2256 g)
973 2199 1091 2240 latus
1124 2200 1364 2240 adversum
1396 2198 1675 2251 Episcopum

416 2267 463 2309 in
496 2268 700 2307 Comitiis
731 2264 1192 2310 Sza'szsebesiensibus
1216 2265 1437 2307 articulus
1460 2295 1470 2313 ,
1502 2265 1675 2319 legitur

417 2347 489 2387 ap.
523 2335 616 2374 RR.
650 2335 898 2383 Szeredai,
930 2349 1033 2392 pag.
1081 2349 1174 2387 207.
1249 2335 1377 2377 Adde
1421 2333 1575 2375 Wolff.
1617 2334 1675 2375 de

418 2401 613 2443 Bethlem
637 2402 737 2442 hist.
770 2402 889 2443 libro
910 2405 977 2444 IV.
1000 2417 1105 2458 pag.
1135 2415 1227 2455 203.
1261 2403 1414 2443 Benk'c'i
1438 2403 1480 2442 in
1505 2401 1673 2442 Milko-

416 2470 489 2510 via
510 2470 561 2512 T.
593 2470 626 2512 Ι,
658 2469 779 2510 libro
817 2472 849 2510 1.
880 2484 977 2523 cap.
1004 2483 1045 2524 5.
1069 2469 1195 2525 §.34
1255 2470 1306 2523 h)
1337 2470 1428 2512 RR.
1460 2468 1675 2510 Szeredai

419 2537 495 2579 cit.
528 2550 601 2596 op⁸
633 2551 738 2593 pag.
779 2552 875 2598 2φ9μ
948 2538 985 2591 i)
1035 2538 1162 2579 Idem
1211 2539 1288 2580 cit.
1331 2551 1404 2590 op.
1440 2551 1543 2593 pag.
1579 2549 1674 2580 212.

417 2605 540 2658 Pray
561 2606 636 2646 cit.
660 2619 732 2658 op.
753 2615 884 2656 parte
904 2606 937 2649 Ι.
956 2620 1058 2661 pag.
1080 2603 1453 2660 3712.liovachich
1485 2606 1531 2645 in
1558 2603 1673 2645 Scri·

420 2672 591 2726 ptorib.
621 2686 708 2715 rer,
742 2674 891 2730 Hung.
923 2674 976 2714 T.
1007 2674 1063 2716 Π.
1102 2687 1206 2729 pag.
1239 2685 1332 2726 2ι4.
