1779 3128
666 200 850 219 ···········
1359 203 1440 251 ¹71

70 313 391 361 nuncientur.
461 322 542 368 31.
583 308 660 357 Ne
702 311 933 360 Clericus
966 314 1016 360 in
1056 310 1269 361 taberna
1298 310 1451 359 taxil-

71 393 134 439 lis
183 389 368 447 ludat,
420 389 506 439 vel
555 401 733 438 mutuo
783 390 868 439 det
919 391 1121 440 ludenti
1174 392 1447 458 pecunias,

71 471 300 533 alioqvin
351 467 412 515 ab
461 471 687 535 ingressu
738 471 1003 519 Ecclesiae
1064 489 1155 537 per
1212 485 1447 519 mensem

68 547 456 616 prohibendus,
516 560 564 597 et
605 549 906 615 Praeposito
943 568 1031 599 sex
1068 552 1293 598 ssorenos
1333 551 1446 596 auri

69 629 344 678 soluturus.
434 643 516 688 32..
575 628 652 677 Ne
702 633 801 679 sint
851 634 903 679 in
952 630 1182 678 tabernis
1237 629 1450 687 Clerici,

70 706 246 756 demto
293 710 614 756 necessitatis
664 725 797 757 casu.
884 723 964 768 33.
1023 708 1253 756 Clericus
1307 709 1449 757 domi

70 788 377 836 concubinas
409 824 424 847 ,
471 799 559 835 aut
611 799 871 854 suspectas
920 787 1160 836 mulieres
1210 805 1274 834 ne
1322 790 1446 838 reti·-

67 860 230 927 neat,
280 885 503 934 poe-nam
554 871 738 918 iccirco
785 870 1129 934 privationis,
1179 882 1238 914 ac
1290 869 1464 919 etiamv

67 950 363 1013 graviorem
414 948 690 997 subiturus.
777 962 858 1006 34.
908 946 1136 995 Clericus
1175 944 1446 1012 dignitatis,

69 1029 466 1092 cuiuscunqve,
515 1039 632 1095 post
689 1026 833 1077 huius
885 1027 1262 1074 constitutionis
1311 1028 1448 1073 noti-

68 1108 195 1154 tiam
227 1142 242 1163 ,
295 1106 496 1172 publice
548 1107 982 1166 concubinarius,
1031 1122 1059 1153 a
1107 1107 1447 1171 perceptione

69 1185 321 1237 fructuum
344 1223 358 1246 ,
399 1203 493 1252 per
530 1189 819 1245 trimestre,
873 1188 985 1251 ipso
1023 1187 1134 1235 iure
1172 1201 1447 1250 suspensus

68 1275 214 1324 est03
251 1275 367 1330 post
407 1267 748 1314 monitionem
784 1268 1055 1331 pertinax,
1112 1266 1310 1312 cunctis
1348 1263 1447 1312 Be-

0 1336 1 1341 *
66 1344 265 1401 neficiis
298 1344 616 1410 privandus3
666 1355 820 1408 atqve
873 1348 1029 1393 etiam
1078 1343 1290 1392 dimissa
1326 1360 1448 1392 con-

69 1422 257 1472 cubina
289 1460 304 1482 ,
360 1439 419 1473 ac
467 1434 686 1488 seqvuta
732 1423 1009 1472 manifesta
1059 1419 1446 1482 emendatione,

69 1502 136 1551 ad
175 1505 391 1566 qvaevis
430 1503 696 1553 Beneficia
745 1514 795 1551 et
842 1502 1048 1561 officia,
1099 1505 1198 1552 nisi
1236 1504 1446 1569 dispen—

69 1593 204 1630 satus
253 1581 437 1644 fuerit,
487 1581 728 1632 inhabilis
768 1593 895 1633 esto.
979 1596 1060 1642 35.
1099 1583 1158 1630 In
1197 1581 1442 1635 Conciliis

69 1665 257 1720 etiam,
309 1659 554 1711 adversus
602 1662 765 1721 taleS,
816 1664 906 1726 qvi
953 1664 1138 1728 punire
1176 1662 1446 1728 negligunt

69 1739 405 1800 diffamatos,
452 1758 632 1790 severe
680 1740 1014 1808 procedatur,
1079 1742 1163 1801 36.
1201 1740 1280 1790 Ne
1320 1759 1447 1805 qve-

68 1831 174 1870 stus
209 1823 374 1886 gratia
418 1821 736 1870 concubinae
773 1820 1072 1870 tolerentur.
1155 1835 1235 1881 37.
1276 1820 1445 1870 Cano-

66 1902 168 1950 nici
200 1899 717 1952 decenter-intersint
766 1899 941 1965 choro,
1019 1908 1102 1959 38.
1139 1899 1322 1950 Nullus
1360 1917 1447 1949 eo-

67 1996 182 2028 rum
216 1979 411 2043 absqve
448 1980 815 2046 superpellicio
849 1979 924 2028 illi
959 1982 1179 2029 intersit.
1251 1979 1445 2030 Omnes

69 2070 238 2107 autem
278 2059 466 2108 Clerici
498 2058 711 2108 honeste
747 2062 947 2108 vivant.
1018 2057 1096 2106 Ne
1134 2061 1234 2106 sint
1271 2058 1442 2108 taber·

68 2141 233 2198 narii,
270 2141 504 2188 carnium
553 2150 813 2199 sectores,
864 2138 1145 2205 crapulae,
1182 2137 1269 2186 vel
1307 2155 1444 2190 iner-

70 2229 279 2267 caturae
306 2217 539 2268 studiosi.
595 2217 970 2267 Ioculatoribus
996 2218 1060 2266 de
1088 2217 1276 2266 Christi
1305 2218 1444 2265 elee-

68 2314 287 2362 mosyna
321 2298 451 2346 nihil
486 2309 768 2366 praestent.
843 2297 1045 2346 Calceis
1078 2297 1275 2356 rubris,
1313 2314 1440 2364 pan-

72 2391 139 2423 no
176 2375 367 2437 viridi,
404 2389 491 2427 aut
527 2379 679 2427 rubro
717 2395 780 2426 ne
822 2390 1048 2427 utantur.
1133 2377 1335 2427 Verbo:
1374 2381 1451 2427 sic

74 2453 318 2503 decenter
353 2469 536 2522 agant,
575 2469 630 2507 ut
660 2459 798 2507 'bono
827 2461 928 2508 sint
964 2456 1236 2524 exemplo,
1275 2468 1326 2507 et
1350 2457 1446 2505 lai„

72 2551 251 2583 corum
288 2536 589 2602 obloqvutio
628 2550 808 2589 cesset.
890 2550 971 2600 39.
1012 2536 1201 2587 Clerici
1237 2537 1445 2586 Benefi=

72 2617 192 2666 ciati
240 2618 293 2666 in
340 2617 617 2673 recitandis
677 2619 815 2673 horis
869 2616 1144 2670 Canonicis
1177 2617 1446 2671 Ecclesiae

565 2713 567 2717 ’
1253 2698 1377 2750 Stria
