1779 3128
266 193 365 242 3¹2
852 187 1037 210 ········

248 307 360 353 ‘bus
395 306 684 352 intimamus
704 337 722 364 ‚
759 311 816 350 ut
845 322 901 353 eo
935 308 1016 353 die
1048 307 1123 353 ad
1151 305 1404 372 Synodum
1426 311 1635 357 Provin-

268 387 443 433 cialem
465 421 482 444 ‚
533 387 736 433 iuvante
783 386 897 433 Deo
950 387 1003 434 T
983 389 1237 451 yrnaviae
1273 390 1636 450 celebrandam,
1708 403 1712 409 ’

269 469 466 511 omnino
501 467 793 512 conveniant
807 481 830 512 .·
864 468 965 513 nisi
995 468 1123 514 diem
1158 469 1506 516 celebrationis
1542 469 1640 534 Sy-

268 547 391 593 nodi
419 547 584 608 aliqva
618 562 682 591 ex
720 561 875 592 causa
911 562 943 592 a
974 547 1115 592 nobis
1142 545 1471 611 prorogatam
1511 566 1636 607 esse,

267 626 458 673 nostris
493 627 564 670 ad
580 641 665 672 eos
699 627 836 672 datis
857 627 1019 673 literis
1042 628 1397 675 intellexerint.
1470 632 1638 694 Qvod-

196 772 200 774 ·
267 707 319 752 si
347 707 567 766 ipsorum
600 706 725 753 RR.
762 708 1125 769 Episcoporum
1145 742 1161 767 ‚
1202 708 1282 754 vel
1303 709 1647 774 aliorum‚-qvi

269 787 330 832 de
364 787 505 844 iure,
544 786 623 831 vel
654 788 1002 832 consvetudine
1036 788 1217 834 debent
1251 791 1509 847 interesse,
1549 791 1640 835 ali·

269 867 377 927 qvis
412 866 634 928 legitimo
671 874 790 912 tunc
823 867 1108 913 detineatur
1151 869 1496 929 impedimento
1517 886 1540 928 ,-
1583 885 1641 914 u·

268 962 384 992 num
431 947 503 991 ad
544 962 598 991 se
650 947 986 992 excusandum
1006 979 1021 1002 ‚
1078 956 1224 1010 atqve
1252 949 1324 993 ad
1353 949 1410 993 id
1439 949 1644 1008 impedi·

267 1034 486 1072 mentum
528 1026 841 1086 probandum
869 1059 885 1083 ‚
940 1027 1013 1072 ad
1057 1042 1146 1072 nos
1189 1029 1413 1078 mittat.,
1464 1030 1643 1075 Etiam

254 1106 494 1169 facultas
530 1106 593 1150 ab
629 1107 735 1166 ipso
773 1107 953 1163 detur,
992 1109 1188 1164 omnia,
1225 1123 1285 1152 ac
1319 1109 1518 1172 singula
1554 1125 1637 1153 eo-

268 1202 380 1232 rum
401 1219 416 1243 ‚
465 1201 588 1240 suo,
644 1194 694 1230 et
729 1185 987 1231 Ecclesiae
1020 1201 1142 1231 suae
1179 1189 1381 1232 nomine>
1404 1189 1643 1248 recipien-

268 1266 356 1323 di,
395 1281 514 1327 qvae
549 1258 747 1325 Spiritu
786 1263 837 1310 S.
873 1266 1023 1322 duce,
1073 1267 1123 1311 in
1171 1267 1279 1327 insa
1327 1264 1529 1329 Synodo
1553 1300 1569 1323 ‚
1607 1282 1640 1312 a

268 1345 448 1398 nobile,
485 1345 545 1389 de
582 1345 823 1402 consilio,
873 1353 921 1389 et
959 1360 1163 1390 assensu
1212 1345 1338 1391 RR.
1366 1347 1646 1411 Episcopo·

270 1441 380 1470 rum
418 1432 703 1470 nostrorum
740 1425 1096 1482 decernentur,
1146 1433 1290 1486 atqve
1338 1425 1644 1469 constituen-

270 1513 372 1551 tur.
409 1501 464 1564 a)
538 1501 780 1550 Sanctum
813 1500 1141 1550 nihilominus
1176 1503 1534 1568 propositum,
1574 1498 1642 1548 ob

270 1592 436 1629 motus
470 1580 719 1643 bellicos,
768 1583 1102 1646 exeqvutioni
1154 1597 1257 1630 non
1292 1582 1459 1648 potuit
1498 1594 1642 1650 man·
1720 1598 1724 1603 ’

271 1658 399 1711 dari.

771 1815 824 1888 §.
896 1786 1162 1870 cxxxv,

442 1952 799 2017 Pa'zma'tmi
833 1975 892 2012 a.
936 1954 1257 2015 MDCXX
1259 1953 1442 2012 VIII.

406 2117 588 2168 Petrus
624 2117 883 2183 Pzizme'my
918 2114 1422 2180 Archi-Episcopu5‚
1480 2129 1542 2162 ea
1580 2110 1646 2162 de

275 2214 463 2257 causa,
510 2201 643 2263 qvod
672 2199 733 2245 ob
770 2200 1030 2246 continuos
1059 2214 1148 2258 per
1189 2198 1470 2242 decennium
1508 2197 1646 2241 belli-

277 2297 364 2327 cos
401 2289 598 2337 motus,
651 2278 855 2341 Synodo
911 2277 1230 2322 celebrandae
1278 2277 1493 2335 spatium
1553 2291 1648 2320 non

260 2361 433 2422 fuerit
477 2373 800 2405 concessum:
851 2354 911 2417 b)
964 2355 1068 2420 egit
1122 2351 1483 2409 Conventum‚
1534 2353 1645 2400 sive

1461 2448 1581 2480 con-

331 2571 379 2625 a)
410 2574 490 2624 Ap.
529 2564 738 2624 Peterffy
780 2566 832 2608 T.
873 2565 931 2609 11.
970 2577 1076 2622 pag.
1119 2575 1214 2606 202.
1291 2562 1344 2616 b)
1374 2566 1446 2607 Ita
1475 2563 1570 2617 ipse
1600 2562 1650 2605 in

385 2638 703 2693 propositione
751 2645 1025 2689 punctorum
1082 2631 1204 2673 facta
1252 2632 1330 2673 die
1374 2643 1415 2685 4.
1461 2631 1645 2686 Aprilis.

387 2711 467 2762 Ap.
499 2702 705 2761 Peterffy
736 2705 813 2747 cit.
846 2705 992 2746 Torno
1014 2730 1028 2750 ,
1058 2715 1165 2759 pag.
1198 2711 1295 2751 228.
