1779 3128
671 235 855 267 2
1359 239 1454 286 133

89 359 175 421 qvi
201 357 248 402 in
283 352 547 398 Paroclziis
578 351 724 405 bene,
763 362 824 398 ac
847 353 1148 414 fructuose,
1189 367 1296 398 cum
1323 352 1456 396 aedi·

72 438 313 500 ficatione
345 433 521 493 populi
537 432 742 493 ficerint
779 437 982 480 versati.
1055 445 1103 490 5.
1143 429 1309 478 Nemo
1361 426 1457 476 Pa'·

15 513 21 518 ’
87 511 308 564 rochiam
346 510 613 567 obtineat,
649 508 736 557 vel
773 521 1093 569 commutet,
1149 509 1344 574 absqve
1384 507 1460 556 fa-

87 591 271 641 cultate
313 587 608 648 Ordinarii,
650 591 874 656 scripto,
927 601 977 638 et
1025 592 1184 656 gratis
1235 589 1463 647 obtenta,

82 669 168 719 vel
202 672 310 716 sine
348 672 562 737 praevio
601 672 866 728 examine,
904 671 963 736 g)
1005 669 1231 734 fideiqve
1267 667 1457 717 Catho-

83 749 213 798 licae
250 749 591 816 professione.
675 748 782 798 Nec
823 752 886 797 ad
923 749 1208 798 audiendas
1248 747 1463 823 Confies-

83 831 250 877 siones
289 828 624 885 admittatur,
661 832 757 877 nisi
803 829 891 878 vel
927 834 1142 878 eicamen
1181 830 1464 895 praemise-

83 912 181 970 rit,
220 909 306 956 vel
344 908 442 956 alia
478 912 676 958 ratione
728 908 946 958 idoneus
1002 912 1312 976 reperiatur.
1386 912 1466 956 Eo

85 1001 251 1036 autem
289 1002 534 1050 tempore,
575 1009 663 1053 qvo
701 992 903 1037 licentia
940 994 1285 1045 concedz'tzcr‚·
1319 991 1467 1036 Vica-

90 1074 196 1116 rius
217 1107 230 1128 ,
269 1089 329 1116 ac
353 1074 446 1115 aliz·
466 1073 645 1116 adhoc
665 1073 938 1124 destinati,
978 1072 1300 1131 explicabunt
1319 1087 1463 1130 prae·

88 1154 234 1209 cipua
269 1153 436 1211 capita
473 1167 675 1196 casuum
710 1160 1096 1217 reservatos-um,
1140 1157 1224 1212 qvi
1255 1150 1468 1195 crebrio-

88 1228 168 1275 ies
205 1246 308 1274 esse
340 1232 517 1275 solent.
588 1227 633 1276 6.
673 1227 1019 1276 Promovendi
1057 1224 1123 1274 ad
1155 1227 1334 1274 Sacros
1372 1225 1468 1274 Or-

90 1305 273 1365 dines,
315 1305 437 1354 fidei
485 1305 785 1354 Catholicae
832 1306 1241 1372 professionem,
1294 1322 1468 1353 coram

87 1386 298 1435 Vicario
353 1386 587 1444 faciant,
637 1384 702 1433 de
752 1402 1014 1451 superqve
1066 1384 1468 1451 chirographum

90 1456 405 1529 reliuqvant.
493 1463 839 1514 promovendi
897 1462 963 1511 ad
1012 1463 1468 1523 Subdiacmiatuin,

92 1543 157 1593 de
195 1543 445 1593 servanda
481 1547 751 1603 castitate,
804 1561 897 1610 per
934 1544 1247 1610 Episcopum
1286 1561 1466 1592 mone-

92 1636 260 1672 antur.
330 1624 562 1672 Vicarius
597 1641 724 1672 vero
762 1623 952 1671 librum
990 1622 1213 1682 habeat,
1260 1627 1341 1672 cui
1378 1641 1469 1672 no·

87 1706 231 1751 mina
255 1703 609 1752 ordinatorum
637 1706 944 1753 inserantur.
1001 1718 1046 1764 7.
1086 1703 1329 1770 Episcopi
1359 1721 1468 1752 sae-

90 1786 207 1850 pius
243 1800 339 1849 per
378 1800 570 1831 annum
619 1783 684 1833 ad
720 1783 973 1850 populum
1013 1781 1205 1832 dicant.
1287 1784 1343 1831 In
1382 1802 1489 1853 ne·-

91 1865 328 1911 cessitate
357 1899 371 1921 ,
433 1862 719 1911 Canonicos
787 1866 993 1912 mittant
1046 1862 1113 1912 ad
1176 1863 1469 1923 parochias,

94 1941 291 2007 absqve
331 1945 528 1992 iactura
557 1955 942 2010 proventuum,
982 1955 1032 1992 et
1071 1946 1196 2007 qvin
1235 1944 1471 1992 officium

94 2021 348 2070 Divinum
403 2024 453 2070 in
501 2020 745 2071 Ecclesiis
784 2021 1179 2071 Cathedralibus
1218 2026 1473 2072 intermit-

92 2112 246 2152 tatur.
331 2102 569 2170 Proprios
609 2114 779 2151 autem
818 2121 988 2152 mores
1029 2106 1098 2151 ita
1135 2114 1470 2169 componant,

40 2227 43 2229 .
97 2194 152 2230 ut
184 2187 364 2249 reliqui
397 2187 461 2232 ab
497 2188 587 2241 eis,
617 2187 984 2249 frugalitatis,
1026 2187 1316 2237 modestiae,
1358 2202 1472 2231 con-

1248 2269 1406 2312 tinen-

150 2403 204 2461 g)
233 2407 359 2451 Inter
384 2407 505 2449 MSS.
537 2409 737 2451 Emerici
768 2410 916 2465 Losy,
947 2423 1061 2463 qvae
1096 2408 1357 2463 Capitulum
1397 2408 1473 2448 Ni·

209 2474 345 2515 trien.
388 2489 658 2528 conservat,
699 2479 877 2533 reperit
916 2478 967 2519 P.
1015 2481 1209 2522 Ioannes
1241 2477 1473 2534 Szegedy,

211 2549 258 2582 et
287 2556 387 2583 cnm
410 2542 630 2588 Peterffio
656 2547 1046 2596 communicavit,
1078 2547 1274 2602 Synodis
1306 2559 1469 2590 annor.

214 2613 334 2653 1611.
377 2621 424 2653 et
464 2618 582 2668 1629.
624 2617 806 2660 adnexa
845 2623 1018 2669 puncta
1060 2615 1282 2658 examinis
1325 2616 1382 2656 ab
1414 2615 1469 2656 iis

213 2677 460 2735 exigendi,
505 2683 577 2736 qvi
609 2685 666 2724 ad
697 2684 996 2726 Parochiales
1028 2684 1257 2728 Ecclesias
1289 2695 1469 2738 promo-

205 2747 346 2791 vendi
377 2757 498 2791 sunt.
555 2752 668 2794 Vide
699 2767 772 2809 ap.
803 2753 925 2796 hunc
956 2755 1010 2796 Τ.
1041 2755 1100 2800 ΙΙ.
1132 2767 1238 2812 pag.
1271 2758 1367 2808 435-
