1779 3128
1441 223 1504 269 97

136 335 332 401 ptistae.
370 329 432 395 p)
506 329 726 376 Ioannes
765 330 978 395 Lippay
1015 328 1125 378 Soc.
1166 329 1314 389 Iesu,
1354 328 1506 377 Resi-

135 413 333 462 dentiae
368 408 794 458 Trenchiniensis
833 409 1095 474 Superior,
1134 421 1376 474 tanqvam
1398 410 1512 458 Ab·

132 494 217 543 bas
264 488 612 539 Szkalkensis,
701 487 938 537 Michael
985 489 1146 537 Fanzi
1209 491 1320 540 Soc.
1371 491 1508 550 Iesu,

130 574 334 622 nomine
385 569 603 636 Georgii
652 569 845 635 Holgyi
897 570 1182 636 Superioris
1248 569 1506 619 Residen-

128 655 228 702 tiae
273 651 577 716 Sopronien.
627 660 676 697 et
710 649 922 698 Abbatis
963 650 1257 700 PornensiS.
1331 640 1507 699 ''Fran-

127 735 289 780 ciscus
326 732 537 797 Ingerer
575 731 687 779 Soc.
722 731 870 789 Iesu,
907 731 1100 779 laurin.
1131 730 1357 788 Rector,
1395 742 1506 779 tan-

126 828 282 877 qvam
319 811 496 859 Abbas
534 810 809 876 Lybensis.
901 809 1073 875 Steph.
1112 809 1374 875 Crispini,
1413 827 1507 858 no-

125 894 266 939 mine
310 888 610 939 Conventus
650 890 696 939 S.
721 888 1024 948 Benedicti,
1063 888 1127 938 de
1166 893 1308 937 iuxta
1339 888 1507 938 Gron.

126 973 346 1021 Ioannes
385 972 662 1029 Kozmasi,
717 973 928 1019 nomine
967 970 1209 1036 Episcopi
1249 969 1508 1033 Transyl-

126 1052 423 1108 vaniensis,
474 1062 522 1098 et
571 1051 855 1116 Praepositi
889 1049 1248 1099 Lelesziensis.
1336 1048 1505 1098 Geor-

125 1133 239 1196 gius
292 1131 511 1194 Rezeny
550 1128 679 1178 Can.
729 1129 909 1177 Poson.
962 1141 1013 1178 et
1059 1127 1237 1177 Abbas
1275 1129 1323 1179 S.
1361 1130 1504 1179 Salv.

93 1209 193 1258 ‘de
242 1209 434 1257 Leke'r.
528 1208 786 1273 Georgius
836 1208 1129 1275 Mbhz'tcsy,
1181 1208 1399 1269 Custos,
1453 1221 1506 1258 et

127 1289 256 1337 Can.
299 1289 482 1336 Poson.
532 1288 859 1352 praepositus
910 1287 974 1336 de
1025 1287 1199 1336 Chutt.
1287 1288 1504 1337 Iacobus

125 1368 366 1434 Adacsy,
408 1368 592 1433 Praep.
632 1366 695 1414 de
730 1367 906 1423 Been,
953 1365 1166 1416 Archid.
1206 1367 1505 1418 Comarom.

127 1448 256 1497 Can.
306 1448 528 1510 Strigon.
625 1446 882 1513 Georgius
936 1447 1076 1494 Sulla
1133 1447 1260 1497 Can.
1314 1448 1502 1497 Poson.

126 1525 359 1576 eiusdem
395 1529 622 1574 nomine.
705 1527 1007 1576 Franciscus
1045 1527 1277 1593 Banthy,
1316 1528 1503 1594 Praep.

125 1605 414 1655 Tithelien.
463 1617 512 1654 et
569 1606 696 1655 Can.
746 1607 930 1656 Poson.
1034 1607 1269 1655 Andreas
1323 1608 1503 1666 Pe'cse,

126 1686 500 1751 Qvinqveeccl.
550 1697 599 1734 et
653 1686 836 1736 Poson.
891 1685 1202 1736 Canonicus.
1307 1685 1520 1753 Georg.

122 1763 484 1814 Dianchevich
524 1765 646 1815 Ord.
685 1766 732 1815 S.
771 1766 917 1815 Pauli
955 1767 1132 1816 Abbas
1171 1766 1219 1817 S.
1260 1767 1502 1816 Mauritii

125 1843 189 1893 de
236 1844 524 1895 Bakonbe'l.
615 1846 928 1904 Franciscus,
965 1847 1230 1895 Emericus
1269 1846 1502 1897 Seiffrid.

125 1922 248 1973 Ord.
287 1924 334 1973 S.
377 1924 681 1986 Benedicti,
719 1925 892 1975 Abbas
932 1925 1341 1975 D‘om'olkiensis.
1395 1926 1502 1975 Ge-

125 2006 291 2070 orgius
335 2004 460 2063 Sos,
514 2005 698 2071 Praep.
744 2006 805 2055 B.
854 2007 932 2054 M.
982 2006 1044 2055 V.
1094 2006 1158 2055 de
1215 2007 1409 2072 Lipto,
1450 2017 1502 2055 et

124 2083 386 2149 ablegatus
434 2083 660 2151 Capituli
711 2085 1080 2151 Scepusiensis.
1165 2085 1344 2134 Petrus
1384 2085 1501 2133 Phi-

122 2161 413 2228 lippadics,
461 2163 636 2213 Abbas
686 2165 734 2214 S.
771 2165 1054 2213 Salvatoris
1093 2163 1156 2212 de
1194 2163 1498 2231 Kapornak.

125 2239 420 2290 Franciscus
458 2244 720 2292 Martinus
758 2244 1080 2302 BorkoviCS,
1118 2243 1245 2293 Ord.
1284 2245 1331 2292 S.
1367 2245 1499 2293 Pau-

128 2319 162 2366 li
212 2320 502 2372 Generalis.
606 2323 845 2373 Andreas
898 2325 1166 2390 Lc'myay,
1215 2325 1400 2391 Praep.
1449 2324 1498 2375 S.

1316 2405 1425 2453 Ste-

184 2515 236 2569 p)
266 2520 432 2560 Fuerat
472 2520 644 2564 dudum
690 2522 932 2566 Prioratus
971 2522 1156 2575 Ord-jnis
1189 2515 1499 2571 carthusiani,

238 2584 280 2623 in
312 2584 557 2639 Scepusio,
589 2604 707 2632 anno
746 2605 865 2645 1320.
901 2590 1131 2632 fundatus.
1203 2591 1327 2647 Lege
1361 2594 1496 2634 Caro⁴

238 2650 270 2691 li
301 2653 500 2711 Wagner
530 2658 659 2700 Anal.
694 2662 876 2712 ScepuS.
909 2669 1040 2716 parte
1072 2660 1151 2704 ΙΙΙ.
1187 2673 1291 2717 pag.
1331 2671 1421 2713 174.

783 2728 830 2777 G
